@article{Zee:2003mt,
      author         = "Zee, A.",
      title          = "{Quantum field theory in a nutshell}",
      year           = "2003",
      reportNumber   = "ISBN-9780691140346",
      SLACcitation   = "%%CITATION = ISBN-9780691140346 ETC.;%%",
}

@article{Callan:1969sn,
      author         = "Callan, Curtis G., Jr. and Coleman, Sidney R. and Wess,
                        J. and Zumino, Bruno",
      title          = "{Structure of phenomenological Lagrangians. 2.}",
      journal        = "Phys.Rev.",
      volume         = "177",
      pages          = "2247-2250",
      doi            = "10.1103/PhysRev.177.2247",
      year           = "1969",
      SLACcitation   = "%%CITATION = PHRVA,177,2247;%%",
}




@article{Coleman:1969sm,
      author         = "Coleman, Sidney R. and Wess, J. and Zumino, Bruno",
      title          = "{Structure of phenomenological Lagrangians. 1.}",
      journal        = "Phys.Rev.",
      volume         = "177",
      pages          = "2239-2247",
      doi            = "10.1103/PhysRev.177.2239",
      year           = "1969",
      SLACcitation   = "%%CITATION = PHRVA,177,2239;%%",
}


@article{Hinterbichler:2011tt,
      author         = "Hinterbichler, Kurt",
      title          = "{Theoretical Aspects of Massive Gravity}",
      journal        = "Rev.Mod.Phys.",
      volume         = "84",
      pages          = "671-710",
      doi            = "10.1103/RevModPhys.84.671",
      year           = "2012",
      eprint         = "1105.3735",
      archivePrefix  = "arXiv",
      primaryClass   = "hep-th",
      SLACcitation   = "%%CITATION = ARXIV:1105.3735;%%",
}

@article{ArkaniHamed:2002sp,
      author         = "Arkani-Hamed, Nima and Georgi, Howard and Schwartz,
                        Matthew D.",
      title          = "{Effective field theory for massive gravitons and gravity
                        in theory space}",
      journal        = "Annals Phys.",
      volume         = "305",
      pages          = "96-118",
      doi            = "10.1016/S0003-4916(03)00068-X",
      year           = "2003",
      eprint         = "hep-th/0210184",
      archivePrefix  = "arXiv",
      primaryClass   = "hep-th",
      reportNumber   = "HUTP-02-A051",
      SLACcitation   = "%%CITATION = HEP-TH/0210184;%%",
}

@article{Baumann:2014nda,
      author         = "Baumann, Daniel and McAllister, Liam",
      title          = "{Inflation and String Theory}",
      year           = "2014",
      eprint         = "1404.2601",
      archivePrefix  = "arXiv",
      primaryClass   = "hep-th",
      SLACcitation   = "%%CITATION = ARXIV:1404.2601;%%",
}

@article{Piazza:2013coa,
      author         = "Piazza, Federico and Vernizzi, Filippo",
      title          = "{Effective Field Theory of Cosmological Perturbations}",
      journal        = "Class.Quant.Grav.",
      volume         = "30",
      pages          = "214007",
      doi            = "10.1088/0264-9381/30/21/214007",
      year           = "2013",
      eprint         = "1307.4350",
      archivePrefix  = "arXiv",
      SLACcitation   = "%%CITATION = ARXIV:1307.4350;%%",
}

@article{Cheung:2007st,
      author         = "Cheung, Clifford and Creminelli, Paolo and Fitzpatrick,
                        A. Liam and Kaplan, Jared and Senatore, Leonardo",
      title          = "{The Effective Field Theory of Inflation}",
      journal        = "JHEP",
      volume         = "0803",
      pages          = "014",
      doi            = "10.1088/1126-6708/2008/03/014",
      year           = "2008",
      eprint         = "0709.0293",
      archivePrefix  = "arXiv",
      primaryClass   = "hep-th",
      reportNumber   = "IC-2007-032",
      SLACcitation   = "%%CITATION = ARXIV:0709.0293;%%",
}

@article{Gleyzes:2013ooa,
      author         = "Gleyzes, Jerome and Langlois, David and Piazza, Federico
                        and Vernizzi, Filippo",
      title          = "{Essential Building Blocks of Dark Energy}",
      journal        = "JCAP",
      volume         = "1308",
      pages          = "025",
      doi            = "10.1088/1475-7516/2013/08/025",
      year           = "2013",
      eprint         = "1304.4840",
      archivePrefix  = "arXiv",
      primaryClass   = "hep-th",
      SLACcitation   = "%%CITATION = ARXIV:1304.4840;%%",
}

@article{Baumann:2014cja,
      author         = "Baumann, Daniel and Green, Daniel and Porto, Rafael A.",
      title          = "{B-modes and the Nature of Inflation}",
      year           = "2014",
      eprint         = "1407.2621",
      archivePrefix  = "arXiv",
      primaryClass   = "hep-th",
      SLACcitation   = "%%CITATION = ARXIV:1407.2621;%%",
}

@article{Hidaka:2014fra,
      author         = "Hidaka, Yoshimasa and Noumi, Toshifumi and Shiu, Gary",
      title          = "{Effective field theory for spacetime symmetry breaking}",
      year           = "2014",
      eprint         = "1412.5601",
      archivePrefix  = "arXiv",
      primaryClass   = "hep-th",
      reportNumber   = "RIKEN-MP-96, RIKEN-QHP-171, MAD-TH-14-10",
      SLACcitation   = "%%CITATION = ARXIV:1412.5601;%%",
}

@article{McArthur:2010zm,
      author         = "McArthur, I.N.",
      title          = "{Nonlinear realizations of symmetries and unphysical
                        Goldstone bosons}",
      journal        = "JHEP",
      volume         = "1011",
      pages          = "140",
      doi            = "10.1007/JHEP11(2010)140",
      year           = "2010",
      eprint         = "1009.3696",
      archivePrefix  = "arXiv",
      primaryClass   = "hep-th",
      SLACcitation   = "%%CITATION = ARXIV:1009.3696;%%",
}

@article{Low:2001bw,
      author         = "Low, Ian and Manohar, Aneesh V.",
      title          = "{Spontaneously broken space-time symmetries and
                        Goldstone's theorem}",
      journal        = "Phys.Rev.Lett.",
      volume         = "88",
      pages          = "101602",
      doi            = "10.1103/PhysRevLett.88.101602",
      year           = "2002",
      eprint         = "hep-th/0110285",
      archivePrefix  = "arXiv",
      primaryClass   = "hep-th",
      SLACcitation   = "%%CITATION = HEP-TH/0110285;%%",
}


@article{Ogievetsky,
      author         = "V. I. Ogievetsky",
      title          = "{ Nonlinear Realizations of Internal and Space-time Symmetries }",
      journal        = "Proc. of.
X-th Winter. School of Theoretical Physics in Karpacz, Vol. 1, Wroclaw 227 (1974)",
}


@article{Witten:1983tw,
      author         = "Witten, Edward",
      title          = "{Global Aspects of Current Algebra}",
      journal        = "Nucl.Phys.",
      volume         = "B223",
      pages          = "422-432",
      doi            = "10.1016/0550-3213(83)90063-9",
      year           = "1983",
      reportNumber   = "PRINT-83-0262 (PRINCETON)",
      SLACcitation   = "%%CITATION = NUPHA,B223,422;%%",
}

@article{D'Hoker:1994ti,
      author         = "D'Hoker, Eric and Weinberg, Steven",
      title          = "{General effective actions}",
      journal        = "Phys.Rev.",
      volume         = "D50",
      pages          = "6050-6053",
      doi            = "10.1103/PhysRevD.50.R6050",
      year           = "1994",
      eprint         = "hep-ph/9409402",
      archivePrefix  = "arXiv",
      primaryClass   = "hep-ph",
      reportNumber   = "UCLA-94-TEP-25, UTTG-12-94",
      SLACcitation   = "%%CITATION = HEP-PH/9409402;%%",
}

@article{Ivanov:1975zq,
      author         = "Ivanov, E.A. and Ogievetsky, V.I.",
      title          = "{The Inverse Higgs Phenomenon in Nonlinear Realizations}",
      journal        = "Teor.Mat.Fiz.",
      volume         = "25",
      pages          = "164-177",
      doi            = "10.1007/BF01028947",
      year           = "1975",
      reportNumber   = "JINR-E2-8593",
      SLACcitation   = "%%CITATION = TMFZA,25,164;%%",
}

@article{Nicolis:2013sga,
      author         = "Nicolis, Alberto and Penco, Riccardo and Piazza, Federico
                        and Rosen, Rachel A.",
      title          = "{More on gapped Goldstones at finite density: More gapped
                        Goldstones}",
      journal        = "JHEP",
      volume         = "1311",
      pages          = "055",
      doi            = "10.1007/JHEP11(2013)055",
      year           = "2013",
      eprint         = "1306.1240",
      archivePrefix  = "arXiv",
      primaryClass   = "hep-th",
      SLACcitation   = "%%CITATION = ARXIV:1306.1240;%%",
}

@article{Goon:2012dy,
      author         = "Goon, Garrett and Hinterbichler, Kurt and Joyce, Austin
                        and Trodden, Mark",
      title          = "{Galileons as Wess-Zumino Terms}",
      journal        = "JHEP",
      volume         = "1206",
      pages          = "004",
      doi            = "10.1007/JHEP06(2012)004",
      year           = "2012",
      eprint         = "1203.3191",
      archivePrefix  = "arXiv",
      primaryClass   = "hep-th",
      SLACcitation   = "%%CITATION = ARXIV:1203.3191;%%",
}

@article{Bellucci:2002ji,
      author         = "Bellucci, S. and Ivanov, E. and Krivonos, S.",
      title          = "{AdS / CFT equivalence transformation}",
      journal        = "Phys.Rev.",
      volume         = "D66",
      pages          = "086001",
      doi            = "10.1103/PhysRevD.66.086001, 10.1103/PhysRevD.67.049901,
                        10.1103/PhysRevD.66.086001 10.1103/PhysRevD.67.049901",
      year           = "2002",
      eprint         = "hep-th/0206126",
      archivePrefix  = "arXiv",
      primaryClass   = "hep-th",
      SLACcitation   = "%%CITATION = HEP-TH/0206126;%%",
}

@article{Dubovsky:2007ac,
      author         = "Dubovsky, Sergei and Nicolis, Alberto and Trincherini,
                        Enrico and Villadoro, Giovanni",
      title          = "{Microcausality in curved space-time}",
      journal        = "Phys.Rev.",
      volume         = "D77",
      pages          = "084016",
      doi            = "10.1103/PhysRevD.77.084016",
      year           = "2008",
      eprint         = "0709.1483",
      archivePrefix  = "arXiv",
      primaryClass   = "hep-th",
      SLACcitation   = "%%CITATION = ARXIV:0709.1483;%%",
}

@article{TongKineticTheory,
      author         = "Tong, David",
      title          = "{Kinetic Theory}"
}

@article{Camanho:2014apa,
      author         = "Camanho, Xian O. and Edelstein, Jose D. and Maldacena,
                        Juan and Zhiboedov, Alexander",
      title          = "{Causality Constraints on Corrections to the Graviton
                        Three-Point Coupling}",
      year           = "2014",
      eprint         = "1407.5597",
      archivePrefix  = "arXiv",
      primaryClass   = "hep-th",
      SLACcitation   = "%%CITATION = ARXIV:1407.5597;%%",
}


@article{IsotropicSchwarzschild,
      author         = "Steve Detweiler",
      title          = "{The Schwarzschild geometry}",
}



@article{Drummond:1979pp,
      author         = "Drummond, I.T. and Hathrell, S.J.",
      title          = "{QED Vacuum Polarization in a Background Gravitational
                        Field and Its Effect on the Velocity of Photons}",
      journal        = "Phys.Rev.",
      volume         = "D22",
      pages          = "343",
      doi            = "10.1103/PhysRevD.22.343",
      year           = "1980",
      reportNumber   = "DAMTP 79/16",
      SLACcitation   = "%%CITATION = PHRVA,D22,343;%%",
}

@article{Shore:1995fz,
      author         = "Shore, G.M.",
      title          = "{'Faster than light' photons in gravitational fields:
                        Causality, anomalies and horizons}",
      journal        = "Nucl.Phys.",
      volume         = "B460",
      pages          = "379-396",
      doi            = "10.1016/0550-3213(95)00646-X",
      year           = "1996",
      eprint         = "gr-qc/9504041",
      archivePrefix  = "arXiv",
      primaryClass   = "gr-qc",
      reportNumber   = "SWAT-95-70",
      SLACcitation   = "%%CITATION = GR-QC/9504041;%%",
}

@article{Shore:2003zc,
      author         = "Shore, Graham M.",
      title          = "{Quantum gravitational optics}",
      journal        = "Contemp.Phys.",
      volume         = "44",
      pages          = "503-521",
      doi            = "10.1080/00107510310001617106",
      year           = "2003",
      eprint         = "gr-qc/0304059",
      archivePrefix  = "arXiv",
      primaryClass   = "gr-qc",
      reportNumber   = "SWAT-03-375",
      SLACcitation   = "%%CITATION = GR-QC/0304059;%%",
}

@article{Shore:2007um,
      author         = "Shore, G.M.",
      title          = "{Superluminality and UV completion}",
      journal        = "Nucl.Phys.",
      volume         = "B778",
      pages          = "219-258",
      doi            = "10.1016/j.nuclphysb.2007.03.034",
      year           = "2007",
      eprint         = "hep-th/0701185",
      archivePrefix  = "arXiv",
      primaryClass   = "hep-th",
      reportNumber   = "SWAT-07-503",
      SLACcitation   = "%%CITATION = HEP-TH/0701185;%%",
}

@article{Hollowood:2007ku,
      author         = "Hollowood, Timothy J. and Shore, Graham M.",
      title          = "{The Refractive index of curved spacetime: The Fate of
                        causality in QED}",
      journal        = "Nucl.Phys.",
      volume         = "B795",
      pages          = "138-171",
      doi            = "10.1016/j.nuclphysb.2007.11.034",
      year           = "2008",
      eprint         = "0707.2303",
      archivePrefix  = "arXiv",
      primaryClass   = "hep-th",
      SLACcitation   = "%%CITATION = ARXIV:0707.2303;%%",
}

@article{Hollowood:2007kt,
      author         = "Hollowood, Timothy J. and Shore, Graham M.",
      title          = "{Causality and Micro-Causality in Curved Spacetime}",
      journal        = "Phys.Lett.",
      volume         = "B655",
      pages          = "67-74",
      doi            = "10.1016/j.physletb.2007.08.073",
      year           = "2007",
      eprint         = "0707.2302",
      archivePrefix  = "arXiv",
      primaryClass   = "hep-th",
      SLACcitation   = "%%CITATION = ARXIV:0707.2302;%%",
}

@article{Hollowood:2010xh,
      author         = "Hollowood, Timothy J. and Shore, Graham M.",
      title          = "{`Superluminal' Photon Propagation in QED in Curved
                        Spacetime is Dispersive and Causal}",
      year           = "2010",
      eprint         = "1006.1238",
      archivePrefix  = "arXiv",
      primaryClass   = "hep-th",
      SLACcitation   = "%%CITATION = ARXIV:1006.1238;%%",
}

@article{Gao:2000ga,
      author         = "Gao, Sijie and Wald, Robert M.",
      title          = "{Theorems on gravitational time delay and related
                        issues}",
      journal        = "Class.Quant.Grav.",
      volume         = "17",
      pages          = "4999-5008",
      doi            = "10.1088/0264-9381/17/24/305",
      year           = "2000",
      eprint         = "gr-qc/0007021",
      archivePrefix  = "arXiv",
      primaryClass   = "gr-qc",
      SLACcitation   = "%%CITATION = GR-QC/0007021;%%",
}

@article{Hollowood:2012as,
      author         = "Hollowood, Timothy J. and Shore, Graham M.",
      title          = "{The Unbearable Beingness of Light, Dressing and
                        Undressing Photons in Black Hole Spacetimes}",
      journal        = "Int.J.Mod.Phys.",
      volume         = "D21",
      pages          = "1241003",
      doi            = "10.1142/S0218271812410039",
      year           = "2012",
      eprint         = "1205.3291",
      archivePrefix  = "arXiv",
      primaryClass   = "hep-th",
      SLACcitation   = "%%CITATION = ARXIV:1205.3291;%%",
}

@article{Daniels:1993yi,
      author         = "Daniels, R.D. and Shore, G.M.",
      title          = "{'Faster than light' photons and charged black holes}",
      journal        = "Nucl.Phys.",
      volume         = "B425",
      pages          = "634-650",
      doi            = "10.1016/0550-3213(94)90291-7",
      year           = "1994",
      eprint         = "hep-th/9310114",
      archivePrefix  = "arXiv",
      primaryClass   = "hep-th",
      reportNumber   = "SWAT-93-9, UGVA-DPT-1993-08-830",
      SLACcitation   = "%%CITATION = HEP-TH/9310114;%%",
}

@article{Kats:2006xp,
      author         = "Kats, Yevgeny and Motl, Lubos and Padi, Megha",
      title          = "{Higher-order corrections to mass-charge relation of
                        extremal black holes}",
      journal        = "JHEP",
      volume         = "0712",
      pages          = "068",
      doi            = "10.1088/1126-6708/2007/12/068",
      year           = "2007",
      eprint         = "hep-th/0606100",
      archivePrefix  = "arXiv",
      primaryClass   = "hep-th",
      reportNumber   = "HUTP-06-A0023",
      SLACcitation   = "%%CITATION = HEP-TH/0606100;%%",
}

@article{ArkaniHamed:2006dz,
      author         = "Arkani-Hamed, Nima and Motl, Lubos and Nicolis, Alberto
                        and Vafa, Cumrun",
      title          = "{The String landscape, black holes and gravity as the
                        weakest force}",
      journal        = "JHEP",
      volume         = "0706",
      pages          = "060",
      doi            = "10.1088/1126-6708/2007/06/060",
      year           = "2007",
      eprint         = "hep-th/0601001",
      archivePrefix  = "arXiv",
      primaryClass   = "hep-th",
      reportNumber   = "HUTP-05-A0057",
      SLACcitation   = "%%CITATION = HEP-TH/0601001;%%",
}

@article{Cheung:2014ega,
      author         = "Cheung, Clifford and Remmen, Grant N.",
      title          = "{Infrared Consistency and the Weak Gravity Conjecture}",
      journal        = "JHEP",
      volume         = "1412",
      pages          = "087",
      doi            = "10.1007/JHEP12(2014)087",
      year           = "2014",
      eprint         = "1407.7865",
      archivePrefix  = "arXiv",
      primaryClass   = "hep-th",
      reportNumber   = "CALT-TH-2014-146",
      SLACcitation   = "%%CITATION = ARXIV:1407.7865;%%",
}

@article{Hartle:1972ya,
      author         = "Hartle, J. B. and Hawking, S. W.",
      title          = "{Solutions of the Einstein-Maxwell equations with many
                        black holes}",
      journal        = "Commun. Math. Phys.",
      volume         = "26",
      year           = "1972",
      pages          = "87-101",
      doi            = "10.1007/BF01645696",
      SLACcitation   = "%%CITATION = CMPHA,26,87;%%"
}

@article{Myers:1986rx,
      author         = "Myers, Robert C.",
      title          = "{Higher Dimensional Black Holes in Compactified
                        Space-times}",
      journal        = "Phys. Rev.",
      volume         = "D35",
      year           = "1987",
      pages          = "455",
      doi            = "10.1103/PhysRevD.35.455",
      reportNumber   = "PRINT-86-0370 (PRINCETON)",
      SLACcitation   = "%%CITATION = PHRVA,D35,455;%%"
}

@article{Donoghue:1994dn,
      author         = "Donoghue, John F.",
      title          = "{General relativity as an effective field theory: The
                        leading quantum corrections}",
      journal        = "Phys. Rev.",
      volume         = "D50",
      year           = "1994",
      pages          = "3874-3888",
      doi            = "10.1103/PhysRevD.50.3874",
      eprint         = "gr-qc/9405057",
      archivePrefix  = "arXiv",
      primaryClass   = "gr-qc",
      reportNumber   = "UMHEP-408",
      SLACcitation   = "%%CITATION = GR-QC/9405057;%%"
}


@article{PenroseCausality,
      author         = "Penrose, R.",
      title          = "{On Schwarzschild Causality-- A Problem for ``Lorentz Covariant" General Relativity}",
      journal        = "Essays in General Relativity: A Festschrift for Abraham Taub",
      year           = "1980"
}

@inproceedings{Visser:1999fe,
      author         = "Visser, Matt and Bassett, Bruce and Liberati, Stefano",
      title          = "{Perturbative superluminal censorship and the null energy
                        condition}",
      booktitle      = "{General relativity and relativistic astrophysics.
                        Proceedings: 8th Canadian Conference, Montreal, Canada,
                        Jun 10-12, 1999}",
      url            = "http://inspirehep.net/record/505165/files/arXiv:gr-qc_9908023.pdf",
      year           = "1999",
      pages          = "301-305",
      doi            = "10.1063/1.1301601",
      eprint         = "gr-qc/9908023",
      archivePrefix  = "arXiv",
      primaryClass   = "gr-qc",
      SLACcitation   = "%%CITATION = GR-QC/9908023;%%"
}

@article{Visser:1998ua,
      author         = "Visser, Matt and Bassett, Bruce and Liberati, Stefano",
      title          = "{Superluminal censorship}",
      booktitle      = "{Constrained dynamics and quantum gravity. Proceedings,
                        3rd Meeting, QG'99, Villasimius, Italy, September 13-17,
                        1999}",
      journal        = "Nucl. Phys. Proc. Suppl.",
      volume         = "88",
      year           = "2000",
      pages          = "267-270",
      doi            = "10.1016/S0920-5632(00)00782-9",
      eprint         = "gr-qc/9810026",
      archivePrefix  = "arXiv",
      primaryClass   = "gr-qc",
      SLACcitation   = "%%CITATION = GR-QC/9810026;%%"
}


@article{Berthiere:2015kna,
      author         = "Berthiere, Clement and Gibbons, Gary and Solodukhin,
                        Sergey N.",
      title          = "{Comparison theorems for causal diamonds}",
      year           = "2015",
      eprint         = "1507.03619",
      archivePrefix  = "arXiv",
      primaryClass   = "hep-th",
      SLACcitation   = "%%CITATION = ARXIV:1507.03619;%%"
}

@article{Palmer:2002vn,
      author         = "Palmer, Belkis Cabrera and Marolf, Donald",
      title          = "{On fast travel through spherically symmetric
                        space-times}",
      journal        = "Phys. Rev.",
      volume         = "D67",
      year           = "2003",
      pages          = "044012",
      doi            = "10.1103/PhysRevD.67.044012",
      eprint         = "gr-qc/0211045",
      archivePrefix  = "arXiv",
      primaryClass   = "gr-qc",
      reportNumber   = "SU-GP-02-11-2",
      SLACcitation   = "%%CITATION = GR-QC/0211045;%%"
}

@article{Olum:1998mu,
      author         = "Olum, Ken D.",
      title          = "{Superluminal travel requires negative energies}",
      journal        = "Phys. Rev. Lett.",
      volume         = "81",
      year           = "1998",
      pages          = "3567-3570",
      doi            = "10.1103/PhysRevLett.81.3567",
      eprint         = "gr-qc/9805003",
      archivePrefix  = "arXiv",
      primaryClass   = "gr-qc",
      reportNumber   = "TUTP-98-02",
      SLACcitation   = "%%CITATION = GR-QC/9805003;%%"
}


@phdthesis{Avramidi:1986mj,
      author         = "Avramidi, Ivan Grigorevich",
      title          = "{Covariant methods for the calculation of the effective
                        action in quantum field theory and investigation of higher
                        derivative quantum gravity}",
      school         = "Moscow State U.",
      year           = "1986",
      eprint         = "hep-th/9510140",
      archivePrefix  = "arXiv",
      primaryClass   = "hep-th",
      reportNumber   = "RX-1539",
      SLACcitation   = "%%CITATION = HEP-TH/9510140;%%"
}


@article{Distler:2005hi,
      author         = "Distler, Jacques and Varadarajan, Uday",
      title          = "{Random polynomials and the friendly landscape}",
      year           = "2005",
      eprint         = "hep-th/0507090",
      archivePrefix  = "arXiv",
      primaryClass   = "hep-th",
      reportNumber   = "UTTG-07-05",
      SLACcitation   = "%%CITATION = HEP-TH/0507090;%%"
}

@article{ArkaniHamed:2005yv,
      author         = "Arkani-Hamed, Nima and Dimopoulos, Savas and Kachru,
                        Shamit",
      title          = "{Predictive landscapes and new physics at a TeV}",
      year           = "2005",
      eprint         = "hep-th/0501082",
      archivePrefix  = "arXiv",
      primaryClass   = "hep-th",
      reportNumber   = "SLAC-PUB-10928, HUTP-05-A0001, SU-ITP-04-44",
      SLACcitation   = "%%CITATION = HEP-TH/0501082;%%"
}

@article{Donoghue:2001qc,
      author         = "Donoghue, John F. and Holstein, Barry R. and Garbrecht,
                        Bjorn and Konstandin, Thomas",
      title          = "{Quantum corrections to the Reissner-Nordstrom and
                        Kerr-Newman metrics}",
      journal        = "Phys. Lett.",
      volume         = "B529",
      year           = "2002",
      pages          = "132-142",
      doi            = "10.1016/S0370-2693(02)01246-7",
      eprint         = "hep-th/0112237",
      archivePrefix  = "arXiv",
      primaryClass   = "hep-th",
      SLACcitation   = "%%CITATION = HEP-TH/0112237;%%"
}

@article{BjerrumBohr:2002ks,
      author         = "Bjerrum-Bohr, Niels Emil Jannik and Donoghue, John F. and
                        Holstein, Barry R.",
      title          = "{Quantum corrections to the Schwarzschild and Kerr
                        metrics}",
      journal        = "Phys. Rev.",
      volume         = "D68",
      year           = "2003",
      pages          = "084005",
      doi            = "10.1103/PhysRevD.68.084005, 10.1103/PhysRevD.71.069904",
      note           = "[Erratum: Phys. Rev.D71,069904(2005)]",
      eprint         = "hep-th/0211071",
      archivePrefix  = "arXiv",
      primaryClass   = "hep-th",
      SLACcitation   = "%%CITATION = HEP-TH/0211071;%%"
}


@article{Duff:1974ud,
      author         = "Duff, M. J.",
      title          = "{Quantum corrections to the schwarzschild solution}",
      journal        = "Phys. Rev.",
      volume         = "D9",
      year           = "1974",
      pages          = "1837-1839",
      doi            = "10.1103/PhysRevD.9.1837",
      SLACcitation   = "%%CITATION = PHRVA,D9,1837;%%"
}

@article{Kirilin:2006en,
      author         = "Kirilin, G. G.",
      title          = "{Quantum corrections to the Schwarzschild metric and
                        reparametrization transformations}",
      journal        = "Phys. Rev.",
      volume         = "D75",
      year           = "2007",
      pages          = "108501",
      doi            = "10.1103/PhysRevD.75.108501",
      eprint         = "gr-qc/0601020",
      archivePrefix  = "arXiv",
      primaryClass   = "gr-qc",
      SLACcitation   = "%%CITATION = GR-QC/0601020;%%"
}

@article{Campanelli:1994sj,
      author         = "Campanelli, Manuela and Lousto, C. O. and Audretsch, J.",
      title          = "{A Perturbative method to solve fourth order gravity
                        field equations}",
      journal        = "Phys. Rev.",
      volume         = "D49",
      year           = "1994",
      pages          = "5188-5193",
      doi            = "10.1103/PhysRevD.49.5188",
      eprint         = "gr-qc/9401013",
      archivePrefix  = "arXiv",
      primaryClass   = "gr-qc",
      reportNumber   = "UAB-FT-327",
      SLACcitation   = "%%CITATION = GR-QC/9401013;%%"
}


@article{Daniels:1995yw,
      author         = "Daniels, R. D. and Shore, G. M.",
      title          = "{'Faster than light' photons and rotating black holes}",
      journal        = "Phys. Lett.",
      volume         = "B367",
      year           = "1996",
      pages          = "75-83",
      doi            = "10.1016/0370-2693(95)01468-3",
      eprint         = "gr-qc/9508048",
      archivePrefix  = "arXiv",
      primaryClass   = "gr-qc",
      reportNumber   = "SWAT-95-71, CERN-TH-95-229",
      SLACcitation   = "%%CITATION = GR-QC/9508048;%%"
}

@article{Khriplovich:1994qj,
      author         = "Khriplovich, I. B.",
      title          = "{Superluminal velocity of photons in a gravitational
                        background}",
      journal        = "Phys. Lett.",
      volume         = "B346",
      year           = "1995",
      pages          = "251-254",
      doi            = "10.1016/0370-2693(94)01679-7",
      eprint         = "gr-qc/9411052",
      archivePrefix  = "arXiv",
      primaryClass   = "gr-qc",
      reportNumber   = "BUDKER-INP-1994-88, BINP-94-88",
      SLACcitation   = "%%CITATION = GR-QC/9411052;%%"
}


@article{Mohanty:1998qq,
      author         = "Mohanty, Subhendra and Prasanna, A. R.",
      title          = "{Photon propagation in Einstein and higher derivative
                        gravity}",
      journal        = "Nucl. Phys.",
      volume         = "B526",
      year           = "1998",
      pages          = "501-508",
      doi            = "10.1016/S0550-3213(98)00275-2",
      eprint         = "gr-qc/9804017",
      archivePrefix  = "arXiv",
      primaryClass   = "gr-qc",
      SLACcitation   = "%%CITATION = GR-QC/9804017;%%"
}

@article{Preti:2010zz,
      author         = "Preti, Giovanni",
      title          = "{A note on the geometrical-optics solution to the Maxwell
                        tensor wave equation in curved spacetime}",
      journal        = "Nucl. Phys.",
      volume         = "B834",
      year           = "2010",
      pages          = "390-394",
      doi            = "10.1016/j.nuclphysb.2010.03.028",
      SLACcitation   = "%%CITATION = NUPHA,B834,390;%%"
}

@article{Ruffini:2013hia,
      author         = "Ruffini, Remo and Wu, Yuan-Bin and Xue, She-Sheng",
      title          = "{Einstein-Euler-Heisenberg Theory and charged black
                        holes}",
      journal        = "Phys. Rev.",
      volume         = "D88",
      year           = "2013",
      pages          = "085004",
      doi            = "10.1103/PhysRevD.88.085004",
      eprint         = "1307.4951",
      archivePrefix  = "arXiv",
      primaryClass   = "hep-th",
      SLACcitation   = "%%CITATION = ARXIV:1307.4951;%%"
}

@article{Cho:1997vg,
      author         = "Cho, H. T.",
      title          = "{'Faster than light' photons in dilaton black hole
                        space-times}",
      journal        = "Phys. Rev.",
      volume         = "D56",
      year           = "1997",
      pages          = "6416-6424",
      doi            = "10.1103/PhysRevD.56.6416",
      eprint         = "gr-qc/9704014",
      archivePrefix  = "arXiv",
      primaryClass   = "gr-qc",
      SLACcitation   = "%%CITATION = GR-QC/9704014;%%"
}


@book{Schwartz:2013pla,
      author         = "Schwartz, Matthew D.",
      title          = "{Quantum Field Theory and the Standard Model}",
      publisher      = "Cambridge University Press",
      year           = "2014",
      url            = "http://www.cambridge.org/us/academic/subjects/physics/theoretical-physics-and-mathematical-physics/quantum-field-theory-and-standard-model",
      reportNumber   = "ISBN-9781107034730",
      ISBN           = "1107034736, 9781107034730",
      SLACcitation   = "%%CITATION = ISBN-9781107034730;%%"
}

@article{Finster:1998ju,
      author         = "Finster, Felix and Smoller, Joel and Yau, Shing-Tung",
      title          = "{Nonexistence of black hole solutions for a spherically
                        symmetric, static Einstein-Dirac-Maxwell system}",
      year           = "1998",
      eprint         = "gr-qc/9810048",
      archivePrefix  = "arXiv",
      primaryClass   = "gr-qc",
      SLACcitation   = "%%CITATION = GR-QC/9810048;%%"
}

@article{Duff:1973zz,
      author         = "Duff, M. J.",
      title          = "{Quantum Tree Graphs and the Schwarzschild Solution}",
      journal        = "Phys. Rev.",
      volume         = "D7",
      year           = "1973",
      pages          = "2317-2326",
      doi            = "10.1103/PhysRevD.7.2317",
      SLACcitation   = "%%CITATION = PHRVA,D7,2317;%%"
}


@article{Gibbons:1975kk,
      author         = "Gibbons, G. W.",
      title          = "{Vacuum Polarization and the Spontaneous Loss of Charge
                        by Black Holes}",
      journal        = "Commun. Math. Phys.",
      volume         = "44",
      year           = "1975",
      pages          = "245-264",
      doi            = "10.1007/BF01609829",
      SLACcitation   = "%%CITATION = CMPHA,44,245;%%"
}

@article{Simon:1990ic,
      author         = "Simon, Jonathan Z.",
      title          = "{Higher Derivative Lagrangians, Nonlocality, Problems and
                        Solutions}",
      journal        = "Phys. Rev.",
      volume         = "D41",
      year           = "1990",
      pages          = "3720",
      doi            = "10.1103/PhysRevD.41.3720",
      reportNumber   = "UCSB-TH-89-50",
      SLACcitation   = "%%CITATION = PHRVA,D41,3720;%%"
}

@article{Jaen:1986iz,
      author         = "Jaen, X. and Llosa, J. and Molina, A.",
      title          = "{A Reduction of order two for infinite order
                        lagrangians}",
      journal        = "Phys. Rev.",
      volume         = "D34",
      year           = "1986",
      pages          = "2302",
      doi            = "10.1103/PhysRevD.34.2302",
      SLACcitation   = "%%CITATION = PHRVA,D34,2302;%%"
}

@article{Burgess:2014lwa,
      author         = "Burgess, C. P. and Williams, M.",
      title          = "{Who You Gonna Call? Runaway Ghosts, Higher Derivatives
                        and Time-Dependence in EFTs}",
      journal        = "JHEP",
      volume         = "08",
      year           = "2014",
      pages          = "074",
      doi            = "10.1007/JHEP08(2014)074",
      eprint         = "1404.2236",
      archivePrefix  = "arXiv",
      primaryClass   = "gr-qc",
      SLACcitation   = "%%CITATION = ARXIV:1404.2236;%%"
}


@article{Stelle:1977ry,
      author         = "Stelle, K. S.",
      title          = "{Classical Gravity with Higher Derivatives}",
      journal        = "Gen. Rel. Grav.",
      volume         = "9",
      year           = "1978",
      pages          = "353-371",
      doi            = "10.1007/BF00760427",
      reportNumber   = "Print-77-0417 (BRANDEIS)",
      SLACcitation   = "%%CITATION = GRGVA,9,353;%%"
}


@article{'tHooft:1974bx,
      author         = "'t Hooft, Gerard and Veltman, M. J. G.",
      title          = "{One loop divergencies in the theory of gravitation}",
      journal        = "Annales Poincare Phys. Theor.",
      volume         = "A20",
      year           = "1974",
      pages          = "69-94",
      SLACcitation   = "%%CITATION = AHPAA,A20,69;%%"
}

@article{Dvali:2001gx,
      author         = "Dvali, G. R. and Gabadadze, Gregory and Kolanovic, Marko
                        and Nitti, F.",
      title          = "{Scales of gravity}",
      journal        = "Phys. Rev.",
      volume         = "D65",
      year           = "2002",
      pages          = "024031",
      doi            = "10.1103/PhysRevD.65.024031",
      eprint         = "hep-th/0106058",
      archivePrefix  = "arXiv",
      primaryClass   = "hep-th",
      reportNumber   = "NYU-TH-01-06-03, TPI-MINN-01-26",
      SLACcitation   = "%%CITATION = HEP-TH/0106058;%%"
}


@article{Creminelli:2014zxa,
      author         = "Creminelli, Paolo and Serone, Marco and Trevisan,
                        Gabriele and Trincherini, Enrico",
      title          = "{Inequivalence of Coset Constructions for Spacetime
                        Symmetries}",
      journal        = "JHEP",
      volume         = "02",
      year           = "2015",
      pages          = "037",
      doi            = "10.1007/JHEP02(2015)037",
      eprint         = "1403.3095",
      archivePrefix  = "arXiv",
      primaryClass   = "hep-th",
      SLACcitation   = "%%CITATION = ARXIV:1403.3095;%%"
}

@article{Berends:1974tr,
      author         = "Berends, Frits A. and Gastmans, R.",
      title          = "{Quantum Gravity and the electron and Muon Anomalous
                        Magnetic Moments}",
      journal        = "Phys. Lett.",
      volume         = "B55",
      year           = "1975",
      pages          = "311",
      doi            = "10.1016/0370-2693(75)90608-5",
      reportNumber   = "Print-74-1665 (LEIDEN)",
      SLACcitation   = "%%CITATION = PHLTA,B55,311;%%"
}


@article{Vozmediano:2010zz,
      author         = "Vozmediano, M. A. H. and Katsnelson, M. I. and Guinea,
                        F.",
      title          = "{Gauge fields in graphene}",
      journal        = "Phys. Rept.",
      volume         = "496",
      year           = "2010",
      pages          = "109-148",
      doi            = "10.1016/j.physrep.2010.07.003",
      SLACcitation   = "%%CITATION = PRPLC,496,109;%%"
}


@book{Mukhanov:2007zz,
      author         = "Mukhanov, Viatcheslav and Winitzki, Sergei",
      title          = "{Introduction to quantum effects in gravity}",
      publisher      = "Cambridge University Press",
      year           = "2007",
      url            = "http://www.cambridge.org/us/catalogue/catalogue.asp?isbn=0521868343",
      ISBN           = "9780521868341, 9781139785945",
      SLACcitation   = "%%CITATION = INSPIRE-775909;%%"
}


@article{Shapiro:1999zt,
      author         = "Shapiro, Ilya L. and Sola, Joan",
      title          = "{On the scaling behavior of the cosmological constant and
                        the possible existence of new forces and new light degrees
                        of freedom}",
      journal        = "Phys. Lett.",
      volume         = "B475",
      year           = "2000",
      pages          = "236-246",
      doi            = "10.1016/S0370-2693(00)00090-3",
      eprint         = "hep-ph/9910462",
      archivePrefix  = "arXiv",
      primaryClass   = "hep-ph",
      reportNumber   = "DF-UFJF-17-99, UAB-FT-474",
      SLACcitation   = "%%CITATION = HEP-PH/9910462;%%"
}

@article{Martin:2012bt,
      author         = "Martin, Jerome",
      title          = "{Everything You Always Wanted To Know About The
                        Cosmological Constant Problem (But Were Afraid To Ask)}",
      journal        = "Comptes Rendus Physique",
      volume         = "13",
      year           = "2012",
      pages          = "566-665",
      doi            = "10.1016/j.crhy.2012.04.008",
      eprint         = "1205.3365",
      archivePrefix  = "arXiv",
      primaryClass   = "astro-ph.CO",
      SLACcitation   = "%%CITATION = ARXIV:1205.3365;%%"
}


@article{Boulanger:2006hz,
      author         = "Boulanger, Nicolas and Spindel, Philippe and Buisseret,
                        Fabien",
      title          = "{On bound states of Dirac particles in gravitational
                        fields}",
      journal        = "Phys. Rev.",
      volume         = "D74",
      year           = "2006",
      pages          = "125014",
      doi            = "10.1103/PhysRevD.74.125014",
      eprint         = "hep-th/0610207",
      archivePrefix  = "arXiv",
      primaryClass   = "hep-th",
      SLACcitation   = "%%CITATION = HEP-TH/0610207;%%"
}

@book{Mandl:1985bg,
      author         = "Mandl, Franz and Shaw, Graham",
      title          = "{QUANTUM FIELD THEORY}",
      url            = "http://eu.wiley.com/WileyCDA/WileyTitle/productCd-0471496839.html",
      journal        = "Chichester, Uk: Wiley (1984) 354 p. (A Wiley-interscience
                        Publication)",
      year           = "1985",
      SLACcitation   = "%%CITATION = INSPIRE-221337;%%"
}



@article{Heisenberg:1935qt,
      author         = "Heisenberg, W. and Euler, H.",
      title          = "{Consequences of Dirac's theory of positrons}",
      journal        = "Z. Phys.",
      volume         = "98",
      year           = "1936",
      pages          = "714-732",
      doi            = "10.1007/BF01343663",
      eprint         = "physics/0605038",
      archivePrefix  = "arXiv",
      primaryClass   = "physics",
      SLACcitation   = "%%CITATION = PHYSICS/0605038;%%"
}


@article{Goroff:1985th,
      author         = "Goroff, Marc H. and Sagnotti, Augusto",
      title          = "{The Ultraviolet Behavior of Einstein Gravity}",
      journal        = "Nucl. Phys.",
      volume         = "B266",
      year           = "1986",
      pages          = "709",
      doi            = "10.1016/0550-3213(86)90193-8",
      reportNumber   = "CALT-68-1289, LBL-19995, UCB-PTH-85-34",
      SLACcitation   = "%%CITATION = NUPHA,B266,709;%%"
}


@article{Shore:2002gw,
      author         = "Shore, G. M.",
      title          = "{A Local effective action for photon gravity
                        interactions}",
      journal        = "Nucl. Phys.",
      volume         = "B646",
      year           = "2002",
      pages          = "281-300",
      doi            = "10.1016/S0550-3213(02)00833-7",
      eprint         = "gr-qc/0205042",
      archivePrefix  = "arXiv",
      primaryClass   = "gr-qc",
      reportNumber   = "SWAT-338",
      SLACcitation   = "%%CITATION = GR-QC/0205042;%%"
}

@article{Goldberger:2005cd,
      author         = "Goldberger, Walter D. and Rothstein, Ira Z.",
      title          = "{Dissipative effects in the worldline approach to black
                        hole dynamics}",
      journal        = "Phys. Rev.",
      volume         = "D73",
      year           = "2006",
      pages          = "104030",
      doi            = "10.1103/PhysRevD.73.104030",
      eprint         = "hep-th/0511133",
      archivePrefix  = "arXiv",
      primaryClass   = "hep-th",
      SLACcitation   = "%%CITATION = HEP-TH/0511133;%%"
}

@article{Capper:1974ed,
      author         = "Capper, D. M. and Duff, M. J. and Halpern, L.",
      title          = "{Photon corrections to the graviton propagator}",
      journal        = "Phys. Rev.",
      volume         = "D10",
      year           = "1974",
      pages          = "461-467",
      doi            = "10.1103/PhysRevD.10.461",
      SLACcitation   = "%%CITATION = PHRVA,D10,461;%%"
}

@article{Chen:2015bva,
      author         = "Chen, Jiliang Jing Songbai and Pan, Qiyuan",
      title          = "{Geometric optics for a coupling model of the
                        electromagnetic and gravitational fields}",
      year           = "2015",
      eprint         = "1510.03316",
      archivePrefix  = "arXiv",
      primaryClass   = "gr-qc",
      SLACcitation   = "%%CITATION = ARXIV:1510.03316;%%"
}

@article{Sundrum:2003yt,
      author         = "Sundrum, Raman",
      title          = "{Gravity's scalar cousin}",
      year           = "2003",
      eprint         = "hep-th/0312212",
      archivePrefix  = "arXiv",
      primaryClass   = "hep-th",
      SLACcitation   = "%%CITATION = HEP-TH/0312212;%%"
}

@article{Abbott:1981ke,
      author         = "Abbott, L. F.",
      title          = "{Introduction to the Background Field Method}",
      journal        = "Acta Phys. Polon.",
      volume         = "B13",
      year           = "1982",
      pages          = "33",
      reportNumber   = "CERN-TH-3113",
      SLACcitation   = "%%CITATION = APPOA,B13,33;%%"
}

@article{Capper:1974vb,
      author         = "Capper, D. M. and Medrano, M. R.",
      title          = "{Gravitational slavnov-ward identities}",
      journal        = "Phys. Rev.",
      volume         = "D9",
      year           = "1974",
      pages          = "1641-1647",
      doi            = "10.1103/PhysRevD.9.1641",
      SLACcitation   = "%%CITATION = PHRVA,D9,1641;%%"
}


@article{DHokerQFT,
      author         = "D'Hoker, Eric ",
      title          = "{Quantum Field Theory--Part I (Lecture Notes)}"
}


@article{Nicolis:2008in,
      author         = "Nicolis, Alberto and Rattazzi, Riccardo and Trincherini,
                        Enrico",
      title          = "{The Galileon as a local modification of gravity}",
      journal        = "Phys. Rev.",
      volume         = "D79",
      year           = "2009",
      pages          = "064036",
      doi            = "10.1103/PhysRevD.79.064036",
      eprint         = "0811.2197",
      archivePrefix  = "arXiv",
      primaryClass   = "hep-th",
      SLACcitation   = "%%CITATION = ARXIV:0811.2197;%%"
}

@article{Dvali:2000hr,
      author         = "Dvali, G. R. and Gabadadze, Gregory and Porrati, Massimo",
      title          = "{4-D gravity on a brane in 5-D Minkowski space}",
      journal        = "Phys. Lett.",
      volume         = "B485",
      year           = "2000",
      pages          = "208-214",
      doi            = "10.1016/S0370-2693(00)00669-9",
      eprint         = "hep-th/0005016",
      archivePrefix  = "arXiv",
      primaryClass   = "hep-th",
      reportNumber   = "NYU-TH-00-04-01",
      SLACcitation   = "%%CITATION = HEP-TH/0005016;%%"
}

@article{deRham:2010kj,
      author         = "de Rham, Claudia and Gabadadze, Gregory and Tolley,
                        Andrew J.",
      title          = "{Resummation of Massive Gravity}",
      journal        = "Phys. Rev. Lett.",
      volume         = "106",
      year           = "2011",
      pages          = "231101",
      doi            = "10.1103/PhysRevLett.106.231101",
      eprint         = "1011.1232",
      archivePrefix  = "arXiv",
      primaryClass   = "hep-th",
      SLACcitation   = "%%CITATION = ARXIV:1011.1232;%%"
}

@article{Vainshtein:1972sx,
      author         = "Vainshtein, A. I.",
      title          = "{To the problem of nonvanishing gravitation mass}",
      journal        = "Phys. Lett.",
      volume         = "B39",
      year           = "1972",
      pages          = "393-394",
      doi            = "10.1016/0370-2693(72)90147-5",
      SLACcitation   = "%%CITATION = PHLTA,B39,393;%%"
}

@article{Goon:2010xh,
      author         = "Goon, Garrett L. and Hinterbichler, Kurt and Trodden,
                        Mark",
      title          = "{Stability and superluminality of spherical DBI galileon
                        solutions}",
      journal        = "Phys. Rev.",
      volume         = "D83",
      year           = "2011",
      pages          = "085015",
      doi            = "10.1103/PhysRevD.83.085015",
      eprint         = "1008.4580",
      archivePrefix  = "arXiv",
      primaryClass   = "hep-th",
      SLACcitation   = "%%CITATION = ARXIV:1008.4580;%%"
}


@book{Carroll:2004st,
      author         = "Carroll, Sean M.",
      title          = "{Spacetime and geometry: An introduction to general
                        relativity}",
      url            = "http://www.slac.stanford.edu/spires/find/books/www?cl=QC6:C37:2004",
      journal        = "San Francisco, USA: Addison-Wesley (2004) 513 p",
      year           = "2004",
      ISBN           = "0805387323, 9780805387322",
      SLACcitation   = "%%CITATION = INSPIRE-650093;%%"
}

@article{Hollowood:2008kq,
      author         = "Hollowood, Timothy J. and Shore, Graham M.",
      title          = "{The Causal Structure of QED in Curved Spacetime:
                        Analyticity and the Refractive Index}",
      journal        = "JHEP",
      volume         = "12",
      year           = "2008",
      pages          = "091",
      doi            = "10.1088/1126-6708/2008/12/091",
      eprint         = "0806.1019",
      archivePrefix  = "arXiv",
      primaryClass   = "hep-th",
      SLACcitation   = "%%CITATION = ARXIV:0806.1019;%%"
}

@article{Hollowood:2009qz,
      author         = "Hollowood, Timothy J. and Shore, Graham M. and Stanley,
                        Ross J.",
      title          = "{The Refractive Index of Curved Spacetime II: QED,
                        Penrose Limits and Black Holes}",
      journal        = "JHEP",
      volume         = "08",
      year           = "2009",
      pages          = "089",
      doi            = "10.1088/1126-6708/2009/08/089",
      eprint         = "0905.0771",
      archivePrefix  = "arXiv",
      primaryClass   = "hep-th",
      SLACcitation   = "%%CITATION = ARXIV:0905.0771;%%"
}

@article{Hollowood:2010bd,
      author         = "Hollowood, Timothy J. and Shore, Graham M.",
      title          = "{The Effect of Gravitational Tidal Forces on Vacuum
                        Polarization: How to Undress a Photon}",
      journal        = "Phys. Lett.",
      volume         = "B691",
      year           = "2010",
      pages          = "279-284",
      doi            = "10.1016/j.physletb.2010.07.006",
      eprint         = "1006.0145",
      archivePrefix  = "arXiv",
      primaryClass   = "hep-th",
      SLACcitation   = "%%CITATION = ARXIV:1006.0145;%%"
}

@article{Hollowood:2011yh,
      author         = "Hollowood, Timothy J. and Shore, Graham M.",
      title          = "{The Effect of Gravitational Tidal Forces on Renormalized
                        Quantum Fields}",
      journal        = "JHEP",
      volume         = "02",
      year           = "2012",
      pages          = "120",
      doi            = "10.1007/JHEP02(2012)120",
      eprint         = "1111.3174",
      archivePrefix  = "arXiv",
      primaryClass   = "hep-th",
      SLACcitation   = "%%CITATION = ARXIV:1111.3174;%%"
}

@article{Akhoury:2010hi,
      author         = "Akhoury, Ratindranath and Dolgov, Alexander D.",
      title          = "{On the Possibility of Super-luminal Propagation in a
                        Gravitational Background}",
      year           = "2010",
      eprint         = "1003.6110",
      archivePrefix  = "arXiv",
      primaryClass   = "hep-th",
      SLACcitation   = "%%CITATION = ARXIV:1003.6110;%%"
}

@article{ToAppear,
      author         = "Goon, G. and Hinterbichler, K.",
      title          = "{In Preparation}",
      year           = "2016",
}


@article{Papallo:2015rna,
      author         = "Papallo, Giuseppe and Reall, Harvey S.",
      title          = "{Graviton time delay and a speed limit for small black
                        holes in Einstein-Gauss-Bonnet theory}",
      journal        = "JHEP",
      volume         = "11",
      year           = "2015",
      pages          = "109",
      doi            = "10.1007/JHEP11(2015)109",
      eprint         = "1508.05303",
      archivePrefix  = "arXiv",
      primaryClass   = "gr-qc",
      SLACcitation   = "%%CITATION = ARXIV:1508.05303;%%"
}

@article{Burrage:2011cr,
      author         = "Burrage, Clare and de Rham, Claudia and Heisenberg,
                        Lavinia and Tolley, Andrew J.",
      title          = "{Chronology Protection in Galileon Models and Massive
                        Gravity}",
      journal        = "JCAP",
      volume         = "1207",
      year           = "2012",
      pages          = "004",
      doi            = "10.1088/1475-7516/2012/07/004",
      eprint         = "1111.5549",
      archivePrefix  = "arXiv",
      primaryClass   = "hep-th",
      SLACcitation   = "%%CITATION = ARXIV:1111.5549;%%"
}

@article{Adams:2006sv,
      author         = "Adams, Allan and Arkani-Hamed, Nima and Dubovsky, Sergei
                        and Nicolis, Alberto and Rattazzi, Riccardo",
      title          = "{Causality, analyticity and an IR obstruction to UV
                        completion}",
      journal        = "JHEP",
      volume         = "10",
      year           = "2006",
      pages          = "014",
      doi            = "10.1088/1126-6708/2006/10/014",
      eprint         = "hep-th/0602178",
      archivePrefix  = "arXiv",
      primaryClass   = "hep-th",
      reportNumber   = "CERN-PH-TH-2006-033, HUTP-06-A0005",
      SLACcitation   = "%%CITATION = HEP-TH/0602178;%%"
}

@article{Majumdar:1947eu,
      author         = "Majumdar, S. D.",
      title          = "{A class of exact solutions of Einstein's field
                        equations}",
      journal        = "Phys. Rev.",
      volume         = "72",
      year           = "1947",
      pages          = "390-398",
      doi            = "10.1103/PhysRev.72.390",
      SLACcitation   = "%%CITATION = PHRVA,72,390;%%"
}

@article{Papaetrou:1947ib,
      author         = "Papaetrou, A.",
      title          = "{A Static solution of the equations of the gravitational
                        field for an arbitrary charge distribution}",
      journal        = "Proc. Roy. Irish Acad.(Sect. A)",
      volume         = "A51",
      year           = "1947",
      pages          = "191-204",
      SLACcitation   = "%%CITATION = PRIAA,A51,191;%%"
}


@book{KamenevBook,
      author         = "Kamenev, Alex",
      title          = "{Field Theory of Non-Equilibrium Systems}",
      publisher      = "Cambridge University Press",
      year           = "2011",
}

@article{Weinberg:2005vy,
      author         = "Weinberg, Steven",
      title          = "{Quantum contributions to cosmological correlations}",
      journal        = "Phys. Rev.",
      volume         = "D72",
      year           = "2005",
      pages          = "043514",
      doi            = "10.1103/PhysRevD.72.043514",
      eprint         = "hep-th/0506236",
      archivePrefix  = "arXiv",
      primaryClass   = "hep-th",
      reportNumber   = "UTTG-01-05",
      SLACcitation   = "%%CITATION = HEP-TH/0506236;%%"
}

@article{2004cond.mat.12296K,
   author = {{Kamenev}, A.},
    title = "{Many-body theory of non-equilibrium systems}",
   eprint = {cond-mat/0412296},
}


@article{Akhmedov:2015xwa,
      author         = "Akhmedov, Emil T. and Godazgar, Hadi and Popov, Fedor K.",
      title          = "{Hawking radiation and secularly growing loop
                        corrections}",
      year           = "2015",
      eprint         = "1508.07500",
      archivePrefix  = "arXiv",
      primaryClass   = "hep-th",
      reportNumber   = "ITEP-TH-13-15, DAMTP-2015-46",
      SLACcitation   = "%%CITATION = ARXIV:1508.07500;%%"
}

@article{Hollowood:2015elj,
      author         = "Hollowood, Timothy J. and Shore, Graham M.",
      title          = "{Causality Violation, Gravitational Shockwaves and UV
                        Completion}",
      year           = "2015",
      eprint         = "1512.04952",
      archivePrefix  = "arXiv",
      primaryClass   = "hep-th",
      SLACcitation   = "%%CITATION = ARXIV:1512.04952;%%"
}

@article{Burgess:2003jk,
      author         = "Burgess, C. P.",
      title          = "{Quantum gravity in everyday life: General relativity as
                        an effective field theory}",
      journal        = "Living Rev. Rel.",
      volume         = "7",
      year           = "2004",
      pages          = "5-56",
      doi            = "10.12942/lrr-2004-5",
      eprint         = "gr-qc/0311082",
      archivePrefix  = "arXiv",
      primaryClass   = "gr-qc",
      SLACcitation   = "%%CITATION = GR-QC/0311082;%%"
}


@article{Cheung:2016yqr,
      author         = "Cheung, Clifford and Remmen, Grant N.",
      title          = "{Positive Signs in Massive Gravity}",
      year           = "2016",
      eprint         = "1601.04068",
      archivePrefix  = "arXiv",
      primaryClass   = "hep-th",
      reportNumber   = "CALT-TH-2015-062",
      SLACcitation   = "%%CITATION = ARXIV:1601.04068;%%"
}

@article{Hollowood:2016ryc,
      author         = "Hollowood, Timothy J. and Shore, Graham M.",
      title          = "{Causality, Renormalizability and Ultra-High Energy
                        Gravitational Scattering}",
      year           = "2016",
      eprint         = "1601.06989",
      archivePrefix  = "arXiv",
      primaryClass   = "hep-th",
      SLACcitation   = "%%CITATION = ARXIV:1601.06989;%%"
}


@book{Misner:1974qy,
      author         = "Misner, Charles W. and Thorne, K. S. and Wheeler, J. A.",
      title          = "{Gravitation}",
      publisher      = "W. H. Freeman",
      address        = "San Francisco",
      year           = "1973",
      journal        = "San Francisco 1973, 1279p",
      reportNumber   = "ISBN-9780716703440",
      SLACcitation   = "%%CITATION = ISBN-9780716703440;%%"
}


@article{Dalvit:1997yc,
      author         = "Dalvit, Diego A. R. and Mazzitelli, Francisco D.",
      title          = "{Geodesics, gravitons and the gauge fixing problem}",
      journal        = "Phys. Rev.",
      volume         = "D56",
      year           = "1997",
      pages          = "7779-7787",
      doi            = "10.1103/PhysRevD.56.7779",
      eprint         = "hep-th/9708102",
      archivePrefix  = "arXiv",
      primaryClass   = "hep-th",
      SLACcitation   = "%%CITATION = HEP-TH/9708102;%%"
}

@article{Andreassen:2014eha,
      author         = "Andreassen, Anders and Frost, William and Schwartz,
                        Matthew D.",
      title          = "{Consistent Use of Effective Potentials}",
      journal        = "Phys. Rev.",
      volume         = "D91",
      year           = "2015",
      number         = "1",
      pages          = "016009",
      doi            = "10.1103/PhysRevD.91.016009",
      eprint         = "1408.0287",
      archivePrefix  = "arXiv",
      primaryClass   = "hep-ph",
      SLACcitation   = "%%CITATION = ARXIV:1408.0287;%%"
}

@article{Nielsen:1975fs,
      author         = "Nielsen, N. K.",
      title          = "{On the Gauge Dependence of Spontaneous Symmetry Breaking
                        in Gauge Theories}",
      journal        = "Nucl. Phys.",
      volume         = "B101",
      year           = "1975",
      pages          = "173-188",
      doi            = "10.1016/0550-3213(75)90301-6",
      reportNumber   = "Print-75-0792 (AARHUS)",
      SLACcitation   = "%%CITATION = NUPHA,B101,173;%%"
}

@article{Fukuda:1975di,
      author         = "Fukuda, Reijiro and Kugo, Taichiro",
      title          = "{Gauge Invariance in the Effective Action and Potential}",
      journal        = "Phys. Rev.",
      volume         = "D13",
      year           = "1976",
      pages          = "3469",
      doi            = "10.1103/PhysRevD.13.3469",
      reportNumber   = "RIFP-237",
      SLACcitation   = "%%CITATION = PHRVA,D13,3469;%%"
}


@article{Aitchison:1983ns,
      author         = "Aitchison, I. J. R. and Fraser, C. M.",
      title          = "{Gauge Invariance and the Effective Potential}",
      journal        = "Annals Phys.",
      volume         = "156",
      year           = "1984",
      pages          = "1",
      doi            = "10.1016/0003-4916(84)90209-4",
      reportNumber   = "OXFORD-TP 52/83",
      SLACcitation   = "%%CITATION = APNYA,156,1;%%"
}


@article{BjerrumBohr:2002kt,
      author         = "Bjerrum-Bohr, N. E. J and Donoghue, John F. and Holstein,
                        Barry R.",
      title          = "{Quantum gravitational corrections to the nonrelativistic
                        scattering potential of two masses}",
      journal        = "Phys. Rev.",
      volume         = "D67",
      year           = "2003",
      pages          = "084033",
      doi            = "10.1103/PhysRevD.71.069903, 10.1103/PhysRevD.67.084033",
      note           = "[Erratum: Phys. Rev.D71,069903(2005)]",
      eprint         = "hep-th/0211072",
      archivePrefix  = "arXiv",
      primaryClass   = "hep-th",
      SLACcitation   = "%%CITATION = HEP-TH/0211072;%%"
}


@article{Khriplovich:2002bt,
      author         = "Khriplovich, I. B. and Kirilin, G. G.",
      title          = "{Quantum power correction to the Newton law}",
      journal        = "J. Exp. Theor. Phys.",
      volume         = "95",
      year           = "2002",
      pages          = "981-986",
      doi            = "10.1134/1.1537290",
      note           = "[Zh. Eksp. Teor. Fiz.95,1139(2002)]",
      eprint         = "gr-qc/0207118",
      archivePrefix  = "arXiv",
      primaryClass   = "gr-qc",
      SLACcitation   = "%%CITATION = GR-QC/0207118;%%"
}

@article{Keltner:2015xda,
      author         = "Keltner, Luke and Tolley, Andrew J.",
      title          = "{UV properties of Galileons: Spectral Densities}",
      year           = "2015",
      eprint         = "1502.05706",
      archivePrefix  = "arXiv",
      primaryClass   = "hep-th",
      SLACcitation   = "%%CITATION = ARXIV:1502.05706;%%"
}


@article{Almheiri:2012rt,
      author         = "Almheiri, Ahmed and Marolf, Donald and Polchinski, Joseph
                        and Sully, James",
      title          = "{Black Holes: Complementarity or Firewalls?}",
      journal        = "JHEP",
      volume         = "02",
      year           = "2013",
      pages          = "062",
      doi            = "10.1007/JHEP02(2013)062",
      eprint         = "1207.3123",
      archivePrefix  = "arXiv",
      primaryClass   = "hep-th",
      SLACcitation   = "%%CITATION = ARXIV:1207.3123;%%"
}


@article{Blasi:1999hu,
      author         = "Blasi, Pasquale and Burles, Scott and Olinto, Angela V.",
      title          = "{Cosmological magnetic fields limits in an inhomogeneous
                        universe}",
      journal        = "Astrophys. J.",
      volume         = "514",
      year           = "1999",
      pages          = "L79-L82",
      doi            = "10.1086/311958",
      eprint         = "astro-ph/9812487",
      archivePrefix  = "arXiv",
      primaryClass   = "astro-ph",
      SLACcitation   = "%%CITATION = ASTRO-PH/9812487;%%"
}




@article{Edgar:2001vv,
      author         = "Edgar, S. Brian and Hoglund, A.",
      title          = "{Dimensionally dependent tensor identities by double
                        antisymmetrization}",
      journal        = "J. Math. Phys.",
      volume         = "43",
      year           = "2002",
      pages          = "659-677",
      doi            = "10.1063/1.1425428",
      eprint         = "gr-qc/0105066",
      archivePrefix  = "arXiv",
      primaryClass   = "gr-qc",
      SLACcitation   = "%%CITATION = GR-QC/0105066;%%"
}

@article{Ruffini:2013hia,
      author         = "Ruffini, Remo and Wu, Yuan-Bin and Xue, She-Sheng",
      title          = "{Einstein-Euler-Heisenberg Theory and charged black
                        holes}",
      journal        = "Phys. Rev.",
      volume         = "D88",
      year           = "2013",
      pages          = "085004",
      doi            = "10.1103/PhysRevD.88.085004",
      eprint         = "1307.4951",
      archivePrefix  = "arXiv",
      primaryClass   = "hep-th",
      SLACcitation   = "%%CITATION = ARXIV:1307.4951;%%"
}


@article{Yajima:2000kw,
      author         = "Yajima, Hiroki and Tamaki, Takashi",
      title          = "{Black hole solutions in Euler-Heisenberg theory}",
      journal        = "Phys. Rev.",
      volume         = "D63",
      year           = "2001",
      pages          = "064007",
      doi            = "10.1103/PhysRevD.63.064007",
      eprint         = "gr-qc/0005016",
      archivePrefix  = "arXiv",
      primaryClass   = "gr-qc",
      SLACcitation   = "%%CITATION = GR-QC/0005016;%%"
}


@article{Matyjasek:2006nu,
      author         = "Matyjasek, Jerzy",
      title          = "{Entropy of quantum-corrected black holes}",
      journal        = "Phys. Rev.",
      volume         = "D74",
      year           = "2006",
      pages          = "104030",
      doi            = "10.1103/PhysRevD.74.104030",
      eprint         = "gr-qc/0610020",
      archivePrefix  = "arXiv",
      primaryClass   = "gr-qc",
      SLACcitation   = "%%CITATION = GR-QC/0610020;%%"
}


@article{Deser:2003gw,
      author         = "Deser, Stanley and Waldron, A.",
      title          = "{Arbitrary spin representations in de Sitter from dS /
                        CFT with applications to dS supergravity}",
      journal        = "Nucl. Phys.",
      volume         = "B662",
      year           = "2003",
      pages          = "379-392",
      doi            = "10.1016/S0550-3213(03)00348-1",
      eprint         = "hep-th/0301068",
      archivePrefix  = "arXiv",
      primaryClass   = "hep-th",
      reportNumber   = "BRX-TH-511",
      SLACcitation   = "%%CITATION = HEP-TH/0301068;%%"
}


@article{Lee:2016vti,
      author         = "Lee, Hayden and Baumann, Daniel and Pimentel, Guilherme
                        L.",
      title          = "{Non-Gaussianity as a Particle Detector}",
      year           = "2016",
      eprint         = "1607.03735",
      archivePrefix  = "arXiv",
      primaryClass   = "hep-th",
      SLACcitation   = "%%CITATION = ARXIV:1607.03735;%%"
}


@article{Giombi:2016ejx,
      author         = "Giombi, Simone",
      title          = "{TASI Lectures on the Higher Spin - CFT duality}",
      year           = "2016",
      eprint         = "1607.02967",
      archivePrefix  = "arXiv",
      primaryClass   = "hep-th",
      SLACcitation   = "%%CITATION = ARXIV:1607.02967;%%"
}

@inproceedings{Bouatta:2004kk,
      author         = "Bouatta, N. and Compere, G. and Sagnotti, A.",
      title          = "{An Introduction to free higher-spin fields}",
      booktitle      = "{Higher spin gauge theories: Proceedings, 1st Solvay
                        Workshop: Brussels, Belgium, 12-14 May, 2004}",
      year           = "2004",
      url            = "https://inspirehep.net/record/658467/files/Solvay1proc-p79.pdf",
      pages          = "79-99",
      eprint         = "hep-th/0409068",
      archivePrefix  = "arXiv",
      primaryClass   = "hep-th",
      reportNumber   = "ULB-TH-04-22, ROM2F-04-23",
      SLACcitation   = "%%CITATION = HEP-TH/0409068;%%"
}


@article{Weinberg:1965rz,
      author         = "Weinberg, Steven",
      title          = "{Photons and gravitons in perturbation theory: Derivation
                        of Maxwell's and Einstein's equations}",
      journal        = "Phys. Rev.",
      volume         = "138",
      year           = "1965",
      pages          = "B988-B1002",
      doi            = "10.1103/PhysRev.138.B988",
      SLACcitation   = "%%CITATION = PHRVA,138,B988;%%"
}


@inproceedings{Bekaert:2006py,
      author         = "Bekaert, Xavier and Boulanger, Nicolas",
      title          = "{The Unitary representations of the Poincare group in any
                        spacetime dimension}",
      booktitle      = "{2nd Modave Summer School in Theoretical Physics Modave,
                        Belgium, August 6-12, 2006}",
      year           = "2006",
      eprint         = "hep-th/0611263",
      archivePrefix  = "arXiv",
      primaryClass   = "hep-th",
      SLACcitation   = "%%CITATION = HEP-TH/0611263;%%"
}


@article{Arkani-Hamed:2015bza,
      author         = "Arkani-Hamed, Nima and Maldacena, Juan",
      title          = "{Cosmological Collider Physics}",
      year           = "2015",
      eprint         = "1503.08043",
      archivePrefix  = "arXiv",
      primaryClass   = "hep-th",
      SLACcitation   = "%%CITATION = ARXIV:1503.08043;%%"
}


@article{Simmons-Duffin:2016gjk,
      author         = "Simmons-Duffin, David",
      title          = "{TASI Lectures on the Conformal Bootstrap}",
      year           = "2016",
      eprint         = "1602.07982",
      archivePrefix  = "arXiv",
      primaryClass   = "hep-th",
      SLACcitation   = "%%CITATION = ARXIV:1602.07982;%%"
}


@article{Creminelli:2004yq,
      author         = "Creminelli, Paolo and Zaldarriaga, Matias",
      title          = "{Single field consistency relation for the 3-point
                        function}",
      journal        = "JCAP",
      volume         = "0410",
      year           = "2004",
      pages          = "006",
      doi            = "10.1088/1475-7516/2004/10/006",
      eprint         = "astro-ph/0407059",
      archivePrefix  = "arXiv",
      primaryClass   = "astro-ph",
      reportNumber   = "HUTP-04-A032",
      SLACcitation   = "%%CITATION = ASTRO-PH/0407059;%%"
}


@article{Creminelli:2011rh,
      author         = "Creminelli, Paolo and D'Amico, Guido and Musso, Marcello
                        and Norena, Jorge",
      title          = "{The (not so) squeezed limit of the primordial 3-point
                        function}",
      journal        = "JCAP",
      volume         = "1111",
      year           = "2011",
      pages          = "038",
      doi            = "10.1088/1475-7516/2011/11/038",
      eprint         = "1106.1462",
      archivePrefix  = "arXiv",
      primaryClass   = "astro-ph.CO",
      SLACcitation   = "%%CITATION = ARXIV:1106.1462;%%"
}


@article{Creminelli:2012ed,
      author         = "Creminelli, Paolo and Norena, Jorge and Simonovic, Marko",
      title          = "{Conformal consistency relations for single-field
                        inflation}",
      journal        = "JCAP",
      volume         = "1207",
      year           = "2012",
      pages          = "052",
      doi            = "10.1088/1475-7516/2012/07/052",
      eprint         = "1203.4595",
      archivePrefix  = "arXiv",
      primaryClass   = "hep-th",
      SLACcitation   = "%%CITATION = ARXIV:1203.4595;%%"
}


@article{Hinterbichler:2013dpa,
      author         = "Hinterbichler, Kurt and Hui, Lam and Khoury, Justin",
      title          = "{An Infinite Set of Ward Identities for Adiabatic Modes
                        in Cosmology}",
      journal        = "JCAP",
      volume         = "1401",
      year           = "2014",
      pages          = "039",
      doi            = "10.1088/1475-7516/2014/01/039",
      eprint         = "1304.5527",
      archivePrefix  = "arXiv",
      primaryClass   = "hep-th",
      SLACcitation   = "%%CITATION = ARXIV:1304.5527;%%"
}


@article{Dolan:2001ih,
      author         = "Dolan, L. and Nappi, Chiara R. and Witten, Edward",
      title          = "{Conformal operators for partially massless states}",
      journal        = "JHEP",
      volume         = "10",
      year           = "2001",
      pages          = "016",
      doi            = "10.1088/1126-6708/2001/10/016",
      eprint         = "hep-th/0109096",
      archivePrefix  = "arXiv",
      primaryClass   = "hep-th",
      SLACcitation   = "%%CITATION = HEP-TH/0109096;%%"
}



@article{Bordin:2016ruc,
      author         = "Bordin, Lorenzo and Creminelli, Paolo and Mirbabayi,
                        Mehrdad and Noreña, Jorge",
      title          = "{Tensor Squeezed Limits and the Higuchi Bound}",
      year           = "2016",
      eprint         = "1605.08424",
      archivePrefix  = "arXiv",
      primaryClass   = "astro-ph.CO",
      SLACcitation   = "%%CITATION = ARXIV:1605.08424;%%"
}


@inproceedings{Senatore:2013roa,
      author         = "Senatore, Leonardo",
      title          = "{TASI 2012 Lectures on Inflation}",
      booktitle      = "{Proceedings, Theoretical Advanced Study Institute in
                        Elementary Particle Physics: Searching for New Physics at
                        Small and Large Scales (TASI 2012): Boulder, Colorado,
                        June 4-29, 2012}",
      year           = "2013",
      pages          = "221-302",
      doi            = "10.1142/9789814525220_0006",
      SLACcitation   = "%%CITATION = INSPIRE-1380773;%%"
}


@article{Maldacena:2011nz,
      author         = "Maldacena, Juan M. and Pimentel, Guilherme L.",
      title          = "{On graviton non-Gaussianities during inflation}",
      journal        = "JHEP",
      volume         = "09",
      year           = "2011",
      pages          = "045",
      doi            = "10.1007/JHEP09(2011)045",
      eprint         = "1104.2846",
      archivePrefix  = "arXiv",
      primaryClass   = "hep-th",
      reportNumber   = "PUPT-2371",
      SLACcitation   = "%%CITATION = ARXIV:1104.2846;%%"
}


@article{Costa:2011mg,
      author         = "Costa, Miguel S. and Penedones, Joao and Poland, David
                        and Rychkov, Slava",
      title          = "{Spinning Conformal Correlators}",
      journal        = "JHEP",
      volume         = "11",
      year           = "2011",
      pages          = "071",
      doi            = "10.1007/JHEP11(2011)071",
      eprint         = "1107.3554",
      archivePrefix  = "arXiv",
      primaryClass   = "hep-th",
      reportNumber   = "LPTENS-11-22, NSF-KITP-11-128",
      SLACcitation   = "%%CITATION = ARXIV:1107.3554;%%"
}


@article{Bzowski:2013sza,
      author         = "Bzowski, Adam and McFadden, Paul and Skenderis, Kostas",
      title          = "{Implications of conformal invariance in momentum space}",
      journal        = "JHEP",
      volume         = "03",
      year           = "2014",
      pages          = "111",
      doi            = "10.1007/JHEP03(2014)111",
      eprint         = "1304.7760",
      archivePrefix  = "arXiv",
      primaryClass   = "hep-th",
      SLACcitation   = "%%CITATION = ARXIV:1304.7760;%%"
}


@article{Pajer:2016ieg,
      author         = "Pajer, Enrico and Pimentel, Guilherme L. and Van Wijck,
                        Jaap V. S.",
      title          = "{The Conformal Limit of Inflation in the Era of CMB
                        Polarimetry}",
      year           = "2016",
      eprint         = "1609.06993",
      archivePrefix  = "arXiv",
      primaryClass   = "hep-th",
      SLACcitation   = "%%CITATION = ARXIV:1609.06993;%%"
}


@article{Maldacena:2002vr,
      author         = "Maldacena, Juan Martin",
      title          = "{Non-Gaussian features of primordial fluctuations in
                        single field inflationary models}",
      journal        = "JHEP",
      volume         = "05",
      year           = "2003",
      pages          = "013",
      doi            = "10.1088/1126-6708/2003/05/013",
      eprint         = "astro-ph/0210603",
      archivePrefix  = "arXiv",
      primaryClass   = "astro-ph",
      SLACcitation   = "%%CITATION = ASTRO-PH/0210603;%%"
}


@book{Peskin:1995ev,
      author         = "Peskin, Michael E. and Schroeder, Daniel V.",
      title          = "{An Introduction to quantum field theory}",
      url            = "http://www.slac.stanford.edu/spires/find/books/www?cl=QC174.45%3AP4",
      journal        = "Reading, USA: Addison-Wesley (1995) 842 p",
      year           = "1995",
      reportNumber   = "ISBN-9780201503975",
      ISBN           = "9780201503975, 0201503972",
      SLACcitation   = "%%CITATION = ISBN-9780201503975;%%"
}

@article{Donoghue:2015xla,
      author         = "Donoghue, John F. and El-Menoufi, Basem Kamal",
      title          = "{QED trace anomaly, non-local Lagrangians and quantum
                        Equivalence Principle violations}",
      journal        = "JHEP",
      volume         = "05",
      year           = "2015",
      pages          = "118",
      doi            = "10.1007/JHEP05(2015)118",
      eprint         = "1503.06099",
      archivePrefix  = "arXiv",
      primaryClass   = "hep-th",
      SLACcitation   = "%%CITATION = ARXIV:1503.06099;%%"
}


@article{Bzowski:2015pba,
      author         = "Bzowski, Adam and McFadden, Paul and Skenderis, Kostas",
      title          = "{Scalar 3-point functions in CFT: renormalisation, beta
                        functions and anomalies}",
      journal        = "JHEP",
      volume         = "03",
      year           = "2016",
      pages          = "066",
      doi            = "10.1007/JHEP03(2016)066",
      eprint         = "1510.08442",
      archivePrefix  = "arXiv",
      primaryClass   = "hep-th",
      reportNumber   = "IMPERIAL-TP-2015-PM-01",
      SLACcitation   = "%%CITATION = ARXIV:1510.08442;%%"
}


@article{Giddings:2010ui,
      author         = "Giddings, Steven B. and Sloth, Martin S.",
      title          = "{Cosmological diagrammatic rules}",
      journal        = "JCAP",
      volume         = "1007",
      year           = "2010",
      pages          = "015",
      doi            = "10.1088/1475-7516/2010/07/015",
      eprint         = "1005.3287",
      archivePrefix  = "arXiv",
      primaryClass   = "hep-th",
      reportNumber   = "CERN-PH-TH-2010-108",
      SLACcitation   = "%%CITATION = ARXIV:1005.3287;%%"
}


@inproceedings{DHoker:2002nbb,
      author         = "D'Hoker, Eric and Freedman, Daniel Z.",
      title          = "{Supersymmetric gauge theories and the AdS / CFT
                        correspondence}",
      booktitle      = "{Strings, Branes and Extra Dimensions: TASI 2001:
                        Proceedings}",
      year           = "2002",
      pages          = "3-158",
      eprint         = "hep-th/0201253",
      archivePrefix  = "arXiv",
      primaryClass   = "hep-th",
      reportNumber   = "UCLA-02-TEP-3, MIT-CTP-3242",
      SLACcitation   = "%%CITATION = HEP-TH/0201253;%%"
}


@article{deRham:2013wv,
      author         = "de Rham, Claudia and Hinterbichler, Kurt and Rosen,
                        Rachel A. and Tolley, Andrew J.",
      title          = "{Evidence for and obstructions to nonlinear partially
                        massless gravity}",
      journal        = "Phys. Rev.",
      volume         = "D88",
      year           = "2013",
      number         = "2",
      pages          = "024003",
      doi            = "10.1103/PhysRevD.88.024003",
      eprint         = "1302.0025",
      archivePrefix  = "arXiv",
      primaryClass   = "hep-th",
      SLACcitation   = "%%CITATION = ARXIV:1302.0025;%%"
}


@article{Coriano:2017mux,
      author         = "Coriano, Claudio and Maglio, Matteo Maria and Mottola,
                        Emil",
      title          = "{TTT in CFT: Trace Identities and the Conformal Anomaly
                        Effective Action}",
      year           = "2017",
      eprint         = "1703.08860",
      archivePrefix  = "arXiv",
      primaryClass   = "hep-th",
      reportNumber   = "LA-UR-17-22382",
      SLACcitation   = "%%CITATION = ARXIV:1703.08860;%%"
}


@article{Naqvi:1999va,
      author         = "Naqvi, Asad",
      title          = "{Propagators for massive symmetric tensor and p forms in
                        AdS(d+1)}",
      journal        = "JHEP",
      volume         = "12",
      year           = "1999",
      pages          = "025",
      doi            = "10.1088/1126-6708/1999/12/025",
      eprint         = "hep-th/9911182",
      archivePrefix  = "arXiv",
      primaryClass   = "hep-th",
      reportNumber   = "MIT-CTP-2928",
      SLACcitation   = "%%CITATION = HEP-TH/9911182;%%"
}


@article{Polishchuk:1999nh,
      author         = "Polishchuk, A.",
      title          = "{Massive symmetric tensor field on AdS}",
      journal        = "JHEP",
      volume         = "07",
      year           = "1999",
      pages          = "007",
      doi            = "10.1088/1126-6708/1999/07/007",
      eprint         = "hep-th/9905048",
      archivePrefix  = "arXiv",
      primaryClass   = "hep-th",
      SLACcitation   = "%%CITATION = HEP-TH/9905048;%%"
}


@article{Balasubramanian:1999re,
      author         = "Balasubramanian, Vijay and Kraus, Per",
      title          = "{A Stress tensor for Anti-de Sitter gravity}",
      journal        = "Commun. Math. Phys.",
      volume         = "208",
      year           = "1999",
      pages          = "413-428",
      doi            = "10.1007/s002200050764",
      eprint         = "hep-th/9902121",
      archivePrefix  = "arXiv",
      primaryClass   = "hep-th",
      reportNumber   = "HUTP-99-A002, EFI-99-6, NSF-ITP-98-132",
      SLACcitation   = "%%CITATION = HEP-TH/9902121;%%"
}


@article{Freedman:1998tz,
      author         = "Freedman, Daniel Z. and Mathur, Samir D. and Matusis,
                        Alec and Rastelli, Leonardo",
      title          = "{Correlation functions in the CFT(d) / AdS(d+1)
                        correspondence}",
      journal        = "Nucl. Phys.",
      volume         = "B546",
      year           = "1999",
      pages          = "96-118",
      doi            = "10.1016/S0550-3213(99)00053-X",
      eprint         = "hep-th/9804058",
      archivePrefix  = "arXiv",
      primaryClass   = "hep-th",
      reportNumber   = "MIT-CTP-2727",
      SLACcitation   = "%%CITATION = HEP-TH/9804058;%%"
}

@article{Hinterbichler:2013eza,
      author         = "Hinterbichler, Kurt",
      title          = "{Ghost-Free Derivative Interactions for a Massive
                        Graviton}",
      journal        = "JHEP",
      volume         = "10",
      year           = "2013",
      pages          = "102",
      doi            = "10.1007/JHEP10(2013)102",
      eprint         = "1305.7227",
      archivePrefix  = "arXiv",
      primaryClass   = "hep-th",
      SLACcitation   = "%%CITATION = ARXIV:1305.7227;%%"
}


@article{Seery:2006tq,
      author         = "Seery, David and Lidsey, James E.",
      title          = "{Non-Gaussian Inflationary Perturbations from the dS/CFT
                        Correspondence}",
      journal        = "JCAP",
      volume         = "0606",
      year           = "2006",
      pages          = "001",
      doi            = "10.1088/1475-7516/2006/06/001",
      eprint         = "astro-ph/0604209",
      archivePrefix  = "arXiv",
      primaryClass   = "astro-ph",
      SLACcitation   = "%%CITATION = ASTRO-PH/0604209;%%"
}


@article{Sleight:2016hyl,
      author         = "Sleight, Charlotte",
      title          = "{Interactions in Higher-Spin Gravity: a Holographic
                        Perspective}",
      journal        = "J. Phys.",
      volume         = "A50",
      year           = "2017",
      number         = "38",
      pages          = "383001",
      doi            = "10.1088/1751-8121/aa820c",
      eprint         = "1610.01318",
      archivePrefix  = "arXiv",
      primaryClass   = "hep-th",
      SLACcitation   = "%%CITATION = ARXIV:1610.01318;%%"
}


@article{Anninos:2014lwa,
      author         = "Anninos, Dionysios and Anous, Tarek and Freedman, Daniel
                        Z. and Konstantinidis, George",
      title          = "{Late-time Structure of the Bunch-Davies De Sitter
                        Wavefunction}",
      journal        = "JCAP",
      volume         = "1511",
      year           = "2015",
      number         = "11",
      pages          = "048",
      doi            = "10.1088/1475-7516/2015/11/048",
      eprint         = "1406.5490",
      archivePrefix  = "arXiv",
      primaryClass   = "hep-th",
      reportNumber   = "MIT-CTP-4561",
      SLACcitation   = "%%CITATION = ARXIV:1406.5490;%%"
}


@article{Pimentel:2013gza,
      author         = "Pimentel, Guilherme L.",
      title          = "{Inflationary Consistency Conditions from a
                        Wavefunctional Perspective}",
      journal        = "JHEP",
      volume         = "02",
      year           = "2014",
      pages          = "124",
      doi            = "10.1007/JHEP02(2014)124",
      eprint         = "1309.1793",
      archivePrefix  = "arXiv",
      primaryClass   = "hep-th",
      reportNumber   = "PUPT-2452",
      SLACcitation   = "%%CITATION = ARXIV:1309.1793;%%"
}


@article{Mata:2012bx,
      author         = "Mata, Ishan and Raju, Suvrat and Trivedi, Sandip",
      title          = "{CMB from CFT}",
      journal        = "JHEP",
      volume         = "07",
      year           = "2013",
      pages          = "015",
      doi            = "10.1007/JHEP07(2013)015",
      eprint         = "1211.5482",
      archivePrefix  = "arXiv",
      primaryClass   = "hep-th",
      reportNumber   = "TIFR-TH-12-38, HRI-ST-1210, ICTS-2012-11",
      SLACcitation   = "%%CITATION = ARXIV:1211.5482;%%"
}


@article{FradkinGaugeTheory,
      author         = "Fradkin, Eduardo",
      title          = "{Quantization of Gauge Theories (Chapter 9; http://eduardo.physics.illinois.edu/phys582/582-chapter9.pdf)}",
}


@book{Hatfield:1992rz,
      author         = "Hatfield, B.",
      title          = "{Quantum field theory of point particles and strings}",
      journal        = "Redwood City, USA: Addison-Wesley (1992) 734 p.
                        (Frontiers in physics, 75)",
      year           = "1992",
      SLACcitation   = "%%CITATION = INSPIRE-335735;%%"
}





@article{Higuchi:1991tn,
      author         = "Higuchi, A.",
      title          = "{Linearized gravity in de Sitter space-time as a
                        representation of SO(4,1)}",
      journal        = "Class. Quant. Grav.",
      volume         = "8",
      year           = "1991",
      pages          = "2005-2021",
      doi            = "10.1088/0264-9381/8/11/011",
      SLACcitation   = "%%CITATION = CQGRD,8,2005;%%"
}



@book{Wald:1984rg,
      author         = "Wald, Robert M.",
      title          = "{General Relativity}",
      publisher      = "Chicago Univ. Pr.",
      address        = "Chicago, USA",
      year           = "1984",
      doi            = "10.7208/chicago/9780226870373.001.0001",
      SLACcitation   = "%%CITATION = INSPIRE-209356;%%"
}


@article{Soda:2011am,
      author         = "Soda, Jiro and Kodama, Hideo and Nozawa, Masato",
      title          = "{Parity Violation in Graviton Non-gaussianity}",
      journal        = "JHEP",
      volume         = "08",
      year           = "2011",
      pages          = "067",
      doi            = "10.1007/JHEP08(2011)067",
      eprint         = "1106.3228",
      archivePrefix  = "arXiv",
      primaryClass   = "hep-th",
      reportNumber   = "KUNS-2346, KEK-TH-1467, KEK-COSMO-76",
      SLACcitation   = "%%CITATION = ARXIV:1106.3228;%%"
}



@article{Arefeva:1974jv,
      author         = "Arefeva, I. {\relax Ya}. and Faddeev, L. D. and Slavnov,
                        A. A.",
      title          = "{Generating Functional for the s Matrix in Gauge
                        Theories}",
      journal        = "Theor. Math. Phys.",
      volume         = "21",
      year           = "1975",
      pages          = "1165",
      doi            = "10.1007/BF01038094",
      note           = "[Teor. Mat. Fiz.21,311(1974)]",
      reportNumber   = "SACLAY-DPH-T-74-44",
      SLACcitation   = "%%CITATION = TMPHA,21,1165;%%"
}

@article{Jevicki:1987ax,
      author         = "Jevicki, A. and Lee, Choon-kyu",
      title          = "{The S Matrix Generating Functional and Effective
                        Action}",
      journal        = "Phys. Rev.",
      volume         = "D37",
      year           = "1988",
      pages          = "1485",
      doi            = "10.1103/PhysRevD.37.1485",
      reportNumber   = "BROWN-HET-634",
      SLACcitation   = "%%CITATION = PHRVA,D37,1485;%%"
}


@article{Rosly:1996vr,
      author         = "Rosly, A. A. and Selivanov, K. G.",
      title          = "{On amplitudes in selfdual sector of Yang-Mills theory}",
      journal        = "Phys. Lett.",
      volume         = "B399",
      year           = "1997",
      pages          = "135-140",
      doi            = "10.1016/S0370-2693(97)00268-2",
      eprint         = "hep-th/9611101",
      archivePrefix  = "arXiv",
      primaryClass   = "hep-th",
      reportNumber   = "ITEP-TH-96-50",
      SLACcitation   = "%%CITATION = HEP-TH/9611101;%%"
}


@article{Adamo:2017nia,
      author         = "Adamo, Tim and Casali, Eduardo and Mason, Lionel and
                        Nekovar, Stefan",
      title          = "{Scattering on plane waves and the double copy}",
      journal        = "Class. Quant. Grav.",
      volume         = "35",
      year           = "2018",
      number         = "1",
      pages          = "015004",
      doi            = "10.1088/1361-6382/aa9961",
      eprint         = "1706.08925",
      archivePrefix  = "arXiv",
      primaryClass   = "hep-th",
      reportNumber   = "IMPERIAL-TP-TA-2017-02, KITP-NSF-ITP-17-083",
      SLACcitation   = "%%CITATION = ARXIV:1706.08925;%%"
}


@article{Adamo:2018srx,
      author         = "Adamo, Tim and Nakach, Simon and Tseytlin, Arkady A.",
      title          = "{Scattering of conformal higher spin fields}",
      year           = "2018",
      eprint         = "1805.00394",
      archivePrefix  = "arXiv",
      primaryClass   = "hep-th",
      reportNumber   = "IMPERIAL-TP-TA-2018-01, IMPERIAL-TP-TA-2018-01",
      SLACcitation   = "%%CITATION = ARXIV:1805.00394;%%"
}


@article{Yale:2011dq,
      author         = "Yale, Alexandre",
      title          = "{Simple counterterms for asymptotically AdS spacetimes in
                        Lovelock gravity}",
      journal        = "Phys. Rev.",
      volume         = "D84",
      year           = "2011",
      pages          = "104036",
      doi            = "10.1103/PhysRevD.84.104036",
      eprint         = "1107.1250",
      archivePrefix  = "arXiv",
      primaryClass   = "gr-qc",
      SLACcitation   = "%%CITATION = ARXIV:1107.1250;%%"
}


@article{Myers:1987yn,
      author         = "Myers, Robert C.",
      title          = "{Higher Derivative Gravity, Surface Terms and String
                        Theory}",
      journal        = "Phys. Rev.",
      volume         = "D36",
      year           = "1987",
      pages          = "392",
      doi            = "10.1103/PhysRevD.36.392",
      reportNumber   = "NSF-ITP-87-16",
      SLACcitation   = "%%CITATION = PHRVA,D36,392;%%"
}


@article{Yale:2010jy,
      author         = "Yale, Alexandre and Padmanabhan, T.",
      title          = "{Structure of Lanczos-Lovelock Lagrangians in Critical
                        Dimensions}",
      journal        = "Gen. Rel. Grav.",
      volume         = "43",
      year           = "2011",
      pages          = "1549-1570",
      doi            = "10.1007/s10714-011-1146-1",
      eprint         = "1008.5154",
      archivePrefix  = "arXiv",
      primaryClass   = "gr-qc",
      SLACcitation   = "%%CITATION = ARXIV:1008.5154;%%"
}


@article{Deruelle:2018vtt,
      author         = "Deruelle, Nathalie and Merino, Nelson and Olea, Rodrigo",
      title          = "{Chern-Weil theorem, Lovelock Lagrangians in critical
                        dimensions and boundary terms in gravity actions}",
      year           = "2018",
      eprint         = "1803.04741",
      archivePrefix  = "arXiv",
      primaryClass   = "gr-qc",
      SLACcitation   = "%%CITATION = ARXIV:1803.04741;%%"
}


@article{Olea:2005gb,
      author         = "Olea, Rodrigo",
      title          = "{Mass, angular momentum and thermodynamics in
                        four-dimensional Kerr-AdS black holes}",
      journal        = "JHEP",
      volume         = "06",
      year           = "2005",
      pages          = "023",
      doi            = "10.1088/1126-6708/2005/06/023",
      eprint         = "hep-th/0504233",
      archivePrefix  = "arXiv",
      primaryClass   = "hep-th",
      SLACcitation   = "%%CITATION = HEP-TH/0504233;%%"
}


@article{Deruelle:2017xel,
      author         = "Deruelle, Nathalie and Merino, Nelson and Olea, Rodrigo",
      title          = "{Einstein-Gauss-Bonnet theory of gravity: The
                        Gauss-Bonnet-Katz boundary term}",
      journal        = "Phys. Rev.",
      volume         = "D97",
      year           = "2018",
      number         = "10",
      pages          = "104009",
      doi            = "10.1103/PhysRevD.97.104009",
      eprint         = "1709.06478",
      archivePrefix  = "arXiv",
      primaryClass   = "gr-qc",
      SLACcitation   = "%%CITATION = ARXIV:1709.06478;%%"
}


@book{Nakahara:2003nw,
      author         = "Nakahara, M.",
      title          = "{Geometry, topology and physics}",
      journal        = "Boca Raton, USA: Taylor & Francis (2003) 573 p",
      year           = "2003",
      SLACcitation   = "%%CITATION = INSPIRE-640779;%%"
}



@article{Elvang:2013cua,
      author         = "Elvang, Henriette and Huang, Yu-tin",
      title          = "{Scattering Amplitudes}",
      year           = "2013",
      eprint         = "1308.1697",
      archivePrefix  = "arXiv",
      primaryClass   = "hep-th",
      SLACcitation   = "%%CITATION = ARXIV:1308.1697;%%"
}


@article{Li:2018wkt,
      author         = "Li, Shing Yan and Wang, Yi and Zhou, Siyi",
      title          = "{KLT-Like Behaviour of Inflationary Graviton
                        Correlators}",
      year           = "2018",
      eprint         = "1806.06242",
      archivePrefix  = "arXiv",
      primaryClass   = "hep-th",
      SLACcitation   = "%%CITATION = ARXIV:1806.06242;%%"
}


@article{Bekaert:2010hk,
      author         = "Bekaert, Xavier and Meunier, Elisa",
      title          = "{Higher spin interactions with scalar matter on constant
                        curvature spacetimes: conserved current and cubic coupling
                        generating functions}",
      journal        = "JHEP",
      volume         = "11",
      year           = "2010",
      pages          = "116",
      doi            = "10.1007/JHEP11(2010)116",
      eprint         = "1007.4384",
      archivePrefix  = "arXiv",
      primaryClass   = "hep-th",
      SLACcitation   = "%%CITATION = ARXIV:1007.4384;%%"
}


@article{Joung:2012hz,
      author         = "Joung, Euihun and Lopez, Luca and Taronna, Massimo",
      title          = "{Generating functions of (partially-)massless higher-spin
                        cubic interactions}",
      journal        = "JHEP",
      volume         = "01",
      year           = "2013",
      pages          = "168",
      doi            = "10.1007/JHEP01(2013)168",
      eprint         = "1211.5912",
      archivePrefix  = "arXiv",
      primaryClass   = "hep-th",
      reportNumber   = "AEI-2012-196",
      SLACcitation   = "%%CITATION = ARXIV:1211.5912;%%"
}

@article{Closset:2012vp,
      author         = "Closset, Cyril and Dumitrescu, Thomas T. and Festuccia,
                        Guido and Komargodski, Zohar and Seiberg, Nathan",
      title          = "{Comments on Chern-Simons Contact Terms in Three
                        Dimensions}",
      journal        = "JHEP",
      volume         = "09",
      year           = "2012",
      pages          = "091",
      doi            = "10.1007/JHEP09(2012)091",
      eprint         = "1206.5218",
      archivePrefix  = "arXiv",
      primaryClass   = "hep-th",
      reportNumber   = "PUTP-2417, WIS-10-12-JUNE-DPPA",
      SLACcitation   = "%%CITATION = ARXIV:1206.5218;%%"
}



@article{xAct,
	Author = {Mart\'in-Garc\'ia, Jose M.},
	Date-Modified = {2017-12-10 08:48:28 +0000},
	Title = {{xAct, {Efficient} tensor computer algebra for the {Wolfram} {Language}}},
	Url = {http://www.xact.es/},
	Bdsk-Url-1 = {http://www.xact.es/}}
	
	
	@article{Thomas,
	Author = {Thomas, L.},
	Date-Modified = {2017-12-01 14:22:12 +0000},
	Issn = {0003486X},
	Journal = {Annals of Mathematics},
	Number = {1},
	Pages = {113-126},
	Publisher = {Annals of Mathematics},
	Title = {{On Unitary Representations of the Group of De Sitter Space}},
	Url = {http://www.jstor.org/stable/1968990},
	Volume = {42},
	Year = {1941},
	Bdsk-Url-1 = {http://www.jstor.org/stable/1968990}}

@article{Newton,
	Author = {Newton, T.},
	Date-Modified = {2017-12-01 14:18:15 +0000},
	Issn = {0003486X},
	Journal = {Annals of Mathematics},
	Number = {3},
	Pages = {730-733},
	Publisher = {Annals of Mathematics},
	Title = {{A Note on the Representations of the De Sitter Group}},
	Url = {http://www.jstor.org/stable/1969376},
	Volume = {51},
	Year = {1950},
	Bdsk-Url-1 = {http://www.jstor.org/stable/1969376}}
	
	
	@article{Kravchuk:2016qvl,
      author         = "Kravchuk, Petr and Simmons-Duffin, David",
      title          = "{Counting Conformal Correlators}",
      journal        = "JHEP",
      volume         = "02",
      year           = "2018",
      pages          = "096",
      doi            = "10.1007/JHEP02(2018)096",
      eprint         = "1612.08987",
      archivePrefix  = "arXiv",
      primaryClass   = "hep-th",
      reportNumber   = "CALT-TH-2016-041",
      SLACcitation   = "%%CITATION = ARXIV:1612.08987;%%"
}

@article{Baumann:2015xxa,
      author         = "Baumann, Daniel and Lee, Hayden and Pimentel, Guilherme
                        L.",
      title          = "{High-Scale Inflation and the Tensor Tilt}",
      journal        = "JHEP",
      volume         = "01",
      year           = "2016",
      pages          = "101",
      doi            = "10.1007/JHEP01(2016)101",
      eprint         = "1507.07250",
      archivePrefix  = "arXiv",
      primaryClass   = "hep-th",
      SLACcitation   = "%%CITATION = ARXIV:1507.07250;%%"
}


@article{Joung:2012rv,
      author         = "Joung, Euihun and Lopez, Luca and Taronna, Massimo",
      title          = "{On the cubic interactions of massive and
                        partially-massless higher spins in (A)dS}",
      journal        = "JHEP",
      volume         = "07",
      year           = "2012",
      pages          = "041",
      doi            = "10.1007/JHEP07(2012)041",
      eprint         = "1203.6578",
      archivePrefix  = "arXiv",
      primaryClass   = "hep-th",
      SLACcitation   = "%%CITATION = ARXIV:1203.6578;%%"
}



@book{Lim:DAMTPNGNotes,
      author         = "Lim, Eugene",
      title          = "{Advanced Cosmology : Primordial non-Gaussianities}",
      year           = "2012",
      url            = "http://www.damtp.cam.ac.uk/user/eal40/AdvCos/lecture2.pdf"
}

@article{Collins:2014fwa,
      author         = "Collins, Hael and Holman, R. and Vardanyan, Tereza",
      title          = "{A Cosmological Slavnov-Taylor Identity}",
      journal        = "JCAP",
      volume         = "1412",
      year           = "2014",
      number         = "12",
      pages          = "007",
      doi            = "10.1088/1475-7516/2014/12/007",
      eprint         = "1405.0017",
      archivePrefix  = "arXiv",
      primaryClass   = "hep-th",
      SLACcitation   = "%%CITATION = ARXIV:1405.0017;%%"
}

@book{kamenev_2011, place={Cambridge}, title={Field Theory of Non-Equilibrium Systems}, DOI={10.1017/CBO9781139003667}, publisher={Cambridge University Press}, author={Kamenev, Alex}, year={2011}}

@article{Arkani-Hamed:2018kmz,
      author         = "Arkani-Hamed, Nima and Baumann, Daniel and Lee, Hayden
                        and Pimentel, Guilherme L.",
      title          = "{The Cosmological Bootstrap: Inflationary Correlators
                        from Symmetries and Singularities}",
      year           = "2018",
      eprint         = "1811.00024",
      archivePrefix  = "arXiv",
      primaryClass   = "hep-th",
      SLACcitation   = "%%CITATION = ARXIV:1811.00024;%%"
}



@book{Rychkov:2016iqz,
      author         = "Rychkov, Slava",
      title          = "{EPFL Lectures on Conformal Field Theory in D>= 3
                        Dimensions}",
      series         = "SpringerBriefs in Physics",
      doi            = "10.1007/978-3-319-43626-5",
      year           = "2016",
      eprint         = "1601.05000",
      archivePrefix  = "arXiv",
      primaryClass   = "hep-th",
      reportNumber   = "CERN-TH-2016-012",
      ISBN           = "9783319436258, 9783319436265",
      SLACcitation   = "%%CITATION = ARXIV:1601.05000;%%"
}



@article{Benincasa:2018ssx,
      author         = "Benincasa, Paolo",
      title          = "{From the flat-space S-matrix to the Wavefunction of the
                        Universe}",
      year           = "2018",
      eprint         = "1811.02515",
      archivePrefix  = "arXiv",
      primaryClass   = "hep-th",
      SLACcitation   = "%%CITATION = ARXIV:1811.02515;%%"
}


@article{Arkani-Hamed:2018bjr,
      author         = "Arkani-Hamed, Nima and Benincasa, Paolo",
      title          = "{On the Emergence of Lorentz Invariance and Unitarity
                        from the Scattering Facet of Cosmological Polytopes}",
      year           = "2018",
      eprint         = "1811.01125",
      archivePrefix  = "arXiv",
      primaryClass   = "hep-th",
      SLACcitation   = "%%CITATION = ARXIV:1811.01125;%%"
}

@article{Arkani-Hamed:2017fdk,
      author         = "Arkani-Hamed, Nima and Benincasa, Paolo and Postnikov,
                        Alexander",
      title          = "{Cosmological Polytopes and the Wavefunction of the
                        Universe}",
      year           = "2017",
      eprint         = "1709.02813",
      archivePrefix  = "arXiv",
      primaryClass   = "hep-th",
      SLACcitation   = "%%CITATION = ARXIV:1709.02813;%%"
}


@article{Raju:2012zr,
      author         = "Raju, Suvrat",
      title          = "{New Recursion Relations and a Flat Space Limit for
                        AdS/CFT Correlators}",
      journal        = "Phys. Rev.",
      volume         = "D85",
      year           = "2012",
      pages          = "126009",
      doi            = "10.1103/PhysRevD.85.126009",
      eprint         = "1201.6449",
      archivePrefix  = "arXiv",
      primaryClass   = "hep-th",
      reportNumber   = "HRI-ST-1201",
      SLACcitation   = "%%CITATION = ARXIV:1201.6449;%%"
}


@article{Pimentel:2018fuy,
      author         = "Pimentel, Guilherme L. and Polyakov, Alexander M. and
                        Tarnopolsky, Grigory M.",
      title          = "{Vacua on the Brink of Decay}",
      year           = "2018",
      pages          = "399-417",
      doi            = "10.1142/S0129055X18400135, 10.1142/9789813233867_0020",
      note           = "[Rev. Math. Phys.30,no.07,1840013(2018)]",
      eprint         = "1803.09168",
      archivePrefix  = "arXiv",
      primaryClass   = "hep-th",
      SLACcitation   = "%%CITATION = ARXIV:1803.09168;%%"
}


@book{Birrell:1982ix,
      author         = "Birrell, N. D. and Davies, P. C. W.",
      title          = "{Quantum Fields in Curved Space}",
      publisher      = "Cambridge Univ. Press",
      address        = "Cambridge, UK",
      year           = "1984",
      url            = "http://www.cambridge.org/mw/academic/subjects/physics/theoretical-physics-and-mathematical-physics/quantum-fields-curved-space?format=PB",
      series         = "Cambridge Monographs on Mathematical Physics",
      doi            = "10.1017/CBO9780511622632",
      ISBN           = "0521278589, 9780521278584, 9780521278584",
      SLACcitation   = "%%CITATION = INSPIRE-181166;%%"
}




@inproceedings{Selivanov:1999as,
      author         = "Selivanov, K. G.",
      title          = "{Post-classicism in Tree Amplitudes}",
      booktitle      = "{Proceedings, 34th Rencontres de Moriond on Electroweak
                        Interactions and Unified Theories: Les Arcs, France, Mar
                        13-20, 1999}",
      year           = "2001",
      pages          = "473-478",
      eprint         = "hep-th/9905128",
      archivePrefix  = "arXiv",
      primaryClass   = "hep-th",
      SLACcitation   = "%%CITATION = HEP-TH/9905128;%%"
}



@article{Brown:1992ay,
      author         = "Brown, Lowell S.",
      title          = "{Summing tree graphs at threshold}",
      journal        = "Phys. Rev.",
      volume         = "D46",
      year           = "1992",
      pages          = "R4125-R4127",
      doi            = "10.1103/PhysRevD.46.R4125",
      eprint         = "hep-ph/9209203",
      archivePrefix  = "arXiv",
      primaryClass   = "hep-ph",
      reportNumber   = "UW-PT-92-16",
      SLACcitation   = "%%CITATION = HEP-PH/9209203;%%"
}


@article{Glorioso:2018wxw,
      author         = "Liu, Hong and Glorioso, Paolo",
      title          = "{Lectures on non-equilibrium effective field theories and
                        fluctuating hydrodynamics}",
      booktitle      = "{Proceedings, Theoretical Advanced Study Institute in
                        Elementary Particle Physics: Physics at the Fundamental
                        Frontier (TASI 2017): Boulder, CO, USA, June 5-30, 2017}",
      journal        = "PoS",
      volume         = "TASI2017",
      year           = "2018",
      pages          = "008",
      doi            = "10.22323/1.305.0008",
      eprint         = "1805.09331",
      archivePrefix  = "arXiv",
      primaryClass   = "hep-th",
      reportNumber   = "MIT-CTP/5018; EFI-18-8, MIT-CTP-5018, EFI-18-8",
      SLACcitation   = "%%CITATION = ARXIV:1805.09331;%%"
}


@book{Altland:2006si,
      author         = "Altland, A. and Simons, B.",
      title          = "{Condensed matter field theory}",
      journal        = "Cambridge, UK: Univ. Pr. (2006) 624 p",
      year           = "2006",
      SLACcitation   = "%%CITATION = INSPIRE-728118;%%"
}


@article{Hartnoll:2009sz,
      author         = "Hartnoll, Sean A.",
      title          = "{Lectures on holographic methods for condensed matter
                        physics}",
      booktitle      = "{Strings, Supergravity and Gauge Theories. Proceedings,
                        CERN Winter School, CERN, Geneva, Switzerland, February
                        9-13 2009}",
      journal        = "Class. Quant. Grav.",
      volume         = "26",
      year           = "2009",
      pages          = "224002",
      doi            = "10.1088/0264-9381/26/22/224002",
      eprint         = "0903.3246",
      archivePrefix  = "arXiv",
      primaryClass   = "hep-th",
      SLACcitation   = "%%CITATION = ARXIV:0903.3246;%%"
}


@article{Kovtun:2012rj,
      author         = "Kovtun, Pavel",
      title          = "{Lectures on hydrodynamic fluctuations in relativistic
                        theories}",
      booktitle      = "{INT Summer School on Applications of String Theory
                        Seattle, Washington, USA, July 18-29, 2011}",
      journal        = "J. Phys.",
      volume         = "A45",
      year           = "2012",
      pages          = "473001",
      doi            = "10.1088/1751-8113/45/47/473001",
      eprint         = "1205.5040",
      archivePrefix  = "arXiv",
      primaryClass   = "hep-th",
      SLACcitation   = "%%CITATION = ARXIV:1205.5040;%%"
}


@article{Agon:2017oia,
      author         = "Agón, Cesar and Lawrence, Albion",
      title          = "{Divergences in open quantum systems}",
      journal        = "JHEP",
      volume         = "04",
      year           = "2018",
      pages          = "008",
      doi            = "10.1007/JHEP04(2018)008",
      eprint         = "1709.10095",
      archivePrefix  = "arXiv",
      primaryClass   = "hep-th",
      reportNumber   = "BRX-TH-6324, YITP-17-33",
      SLACcitation   = "%%CITATION = ARXIV:1709.10095;%%"
}


@article{Hongo:2019qhi,
      author         = "Hongo, Masaru and Kim, Suro and Noumi, Toshifumi and Ota,
                        Atsuhisa",
      title          = "{Effective Lagrangian for Nambu-Goldstone modes in
                        nonequilibrium open systems}",
      year           = "2019",
      eprint         = "1907.08609",
      archivePrefix  = "arXiv",
      primaryClass   = "hep-th",
      reportNumber   = "RIKEN-iTHEMS-Report-19, KOBE-COSMO-19-10",
      SLACcitation   = "%%CITATION = ARXIV:1907.08609;%%"
}


@article{Hidaka:2019irz,
      author         = "Hidaka, Yoshimasa and Minami, Yuki",
      title          = "{Spontaneous symmetry breaking and Nambu-Goldstone modes
                        in open classical and quantum systems}",
      year           = "2019",
      eprint         = "1907.08241",
      archivePrefix  = "arXiv",
      primaryClass   = "hep-th",
      reportNumber   = "RIKEN-QHP-417, RIKEN-iTHEMS-Report-19",
      SLACcitation   = "%%CITATION = ARXIV:1907.08241;%%"
}


@article{Dubovsky:2005xd,
      author         = "Dubovsky, S. and Gregoire, T. and Nicolis, A. and
                        Rattazzi, R.",
      title          = "{Null energy condition and superluminal propagation}",
      journal        = "JHEP",
      volume         = "03",
      year           = "2006",
      pages          = "025",
      doi            = "10.1088/1126-6708/2006/03/025",
      eprint         = "hep-th/0512260",
      archivePrefix  = "arXiv",
      primaryClass   = "hep-th",
      reportNumber   = "CERN-PH-TH-2005-265, HUTP-05-A0056",
      SLACcitation   = "%%CITATION = HEP-TH/0512260;%%"
}


@article{Landry:2019iel,
      author         = "Landry, Michael J.",
      title          = "{The coset construction for non-equilibrium systems}",
      year           = "2019",
      eprint         = "1912.12301",
      archivePrefix  = "arXiv",
      primaryClass   = "hep-th",
      SLACcitation   = "%%CITATION = ARXIV:1912.12301;%%"
}


@article{CaronHuot:2010zt,
      author         = "Caron-Huot, Simon",
      title          = "{Loops and trees}",
      journal        = "JHEP",
      volume         = "05",
      year           = "2011",
      pages          = "080",
      doi            = "10.1007/JHEP05(2011)080",
      eprint         = "1007.3224",
      archivePrefix  = "arXiv",
      primaryClass   = "hep-ph",
      SLACcitation   = "%%CITATION = ARXIV:1007.3224;%%"
}


@inproceedings{Evans:1990rj,
      author         = "Evans, T. S.",
      title          = "{N point functions in imaginary and real time finite
                        temperature formalisms}",
      booktitle      = "{2nd Workshop on Thermal Field Theories and Their
                        Applications Tsukuba, Japan, July 23-27, 1990}",
      year           = "1990",
      pages          = "0441-448",
      reportNumber   = "PRINT-90-0466 (ALBERTA)",
      SLACcitation   = "%%CITATION = PRINT-90-0466 (ALBERTA);%%"
}


@article{Ghiglieri:2020dpq,
    author = "Ghiglieri, Jacopo and Kurkela, Aleksi and Strickland, Michael and Vuorinen, Aleksi",
    archivePrefix = "arXiv",
    eprint = "2002.10188",
    month = "2",
    primaryClass = "hep-ph",
    reportNumber = "CERN-TH-2020-029, HIP-2020-6/TH",
    title = "{Perturbative Thermal QCD: Formalism and Applications}",
    year = "2020"
}


@article{Jeon:2004dh,
    author = "Jeon, Sangyong",
    archivePrefix = "arXiv",
    doi = "10.1103/PhysRevC.72.014907",
    eprint = "hep-ph/0412121",
    journal = "Phys. Rev. C",
    pages = "014907",
    title = "{The Boltzmann equation in classical and quantum field theory}",
    volume = "72",
    year = "2005"
}

@article{Mueller:2002gd,
    author = "Mueller, A.H. and Son, D.T.",
    archivePrefix = "arXiv",
    doi = "10.1016/j.physletb.2003.12.047",
    eprint = "hep-ph/0212198",
    journal = "Phys. Lett. B",
    pages = "279--287",
    reportNumber = "CU-TP-1081, INT-PUB-02-56",
    title = "{On the Equivalence between the Boltzmann equation and classical field theory at large occupation numbers}",
    volume = "582",
    year = "2004"
}



@article{Nicolis:2011pv,
    author = "Nicolis, Alberto and Piazza, Federico",
    archivePrefix = "arXiv",
    doi = "10.1007/JHEP06(2012)025",
    eprint = "1112.5174",
    journal = "JHEP",
    pages = "025",
    primaryClass = "hep-th",
    title = "{Spontaneous Symmetry Probing}",
    volume = "06",
    year = "2012"
}

@article{Takahashi:1996zn,
    author = "Takahashi, Y. and Umezawa, H.",
    doi = "10.1142/S0217979296000817",
    journal = "Int. J. Mod. Phys. B",
    pages = "1755--1805",
    title = "{Thermo field dynamics}",
    volume = "10",
    year = "1996"
}

@book{Das:1997gg,
    author = "Das, Ashok K.",
    title = "{Finite Temperature Field Theory}",
    isbn = "978-981-02-2856-9, 978-981-4498-23-4",
    publisher = "World Scientific",
    address = "New York",
    year = "1997"
}

@article{Crossley:2015evo,
    author = "Crossley, Michael and Glorioso, Paolo and Liu, Hong",
    title = "{Effective field theory of dissipative fluids}",
    eprint = "1511.03646",
    archivePrefix = "arXiv",
    primaryClass = "hep-th",
    reportNumber = "MIT-CTP-4734",
    doi = "10.1007/JHEP09(2017)095",
    journal = "JHEP",
    volume = "09",
    pages = "095",
    year = "2017"
}


@book{Sakurai:2011zz,
    author = "Sakurai, Jun John and Napolitano, Jim",
    title = "{Modern Quantum Mechanics}",
    isbn = "978-0-8053-8291-4, 978-1-108-52742-2",
    publisher = "Cambridge University Press",
    address = "Cambridge",
    series = "Quantum physics, quantum information and quantum computation",
    year = "2017"
}


@article{Chen-Lin:2018kfl,
    author = "Chen-Lin, Xinyi and Delacrétaz, Luca V. and Hartnoll, Sean A.",
    title = "{Theory of diffusive fluctuations}",
    eprint = "1811.12540",
    archivePrefix = "arXiv",
    primaryClass = "hep-th",
    doi = "10.1103/PhysRevLett.122.091602",
    journal = "Phys. Rev. Lett.",
    volume = "122",
    number = "9",
    pages = "091602",
    year = "2019"
}


@article{Jeon:2015dfa,
    author = "Jeon, Sangyong and Heinz, Ulrich",
    title = "{Introduction to Hydrodynamics}",
    eprint = "1503.03931",
    archivePrefix = "arXiv",
    primaryClass = "hep-ph",
    doi = "10.1142/S0218301315300106",
    journal = "Int. J. Mod. Phys. E",
    volume = "24",
    number = "10",
    pages = "1530010",
    year = "2015"
}


@article{Banerjee:2012iz,
    author = "Banerjee, Nabamita and Bhattacharya, Jyotirmoy and Bhattacharyya, Sayantani and Jain, Sachin and Minwalla, Shiraz and Sharma, Tarun",
    title = "{Constraints on Fluid Dynamics from Equilibrium Partition Functions}",
    eprint = "1203.3544",
    archivePrefix = "arXiv",
    primaryClass = "hep-th",
    reportNumber = "TFR-TH-12-05, IPMU12-0037",
    doi = "10.1007/JHEP09(2012)046",
    journal = "JHEP",
    volume = "09",
    pages = "046",
    year = "2012"
}


@article{Niemi:1983nf,
    author = "Niemi, A.J. and Semenoff, G.W.",
    title = "{Finite Temperature Quantum Field Theory in Minkowski Space}",
    reportNumber = "MIT-CTP-1078",
    doi = "10.1016/0003-4916(84)90082-4",
    journal = "Annals Phys.",
    volume = "152",
    pages = "105",
    year = "1984"
}

@article{Niemi:1983ea,
    author = "Niemi, Antti J. and Semenoff, Gordon W.",
    title = "{Thermodynamic Calculations in Relativistic Finite Temperature Quantum Field Theories}",
    reportNumber = "MIT-CTP-1092",
    doi = "10.1016/0550-3213(84)90123-8",
    journal = "Nucl. Phys. B",
    volume = "230",
    pages = "181--221",
    year = "1984"
}


@article{Landsman:1986uw,
    author = "Landsman, N.P. and van Weert, C.G.",
    title = "{Real and Imaginary Time Field Theory at Finite Temperature and Density}",
    reportNumber = "ITFA-86-12",
    doi = "10.1016/0370-1573(87)90121-9",
    journal = "Phys. Rept.",
    volume = "145",
    pages = "141",
    year = "1987"
}


@article{Goon:2020myi,
    author = "Goon, Garrett and Melville, Scott and Noller, Johannes",
    title = "{Quantum Corrections to Generic Branes: DBI, NLSM, and More}",
    eprint = "2010.05913",
    archivePrefix = "arXiv",
    primaryClass = "hep-th",
    month = "10",
    year = "2020"
}


@article{Poisson:2011nh,
    author = "Poisson, Eric and Pound, Adam and Vega, Ian",
    title = "{The Motion of point particles in curved spacetime}",
    eprint = "1102.0529",
    archivePrefix = "arXiv",
    primaryClass = "gr-qc",
    doi = "10.12942/lrr-2011-7",
    journal = "Living Rev. Rel.",
    volume = "14",
    pages = "7",
    year = "2011"
}


@article{Gelis:2006yv,
    author = "Gelis, Francois and Venugopalan, Raju",
    title = "{Particle production in field theories coupled to strong external sources}",
    eprint = "hep-ph/0601209",
    archivePrefix = "arXiv",
    reportNumber = "SPHT-T06-009",
    doi = "10.1016/j.nuclphysa.2006.07.020",
    journal = "Nucl. Phys. A",
    volume = "776",
    pages = "135--171",
    year = "2006"
}


@article{Gelis:2006cr,
    author = "Gelis, Francois and Venugopalan, Raju",
    title = "{Particle production in field theories coupled to strong external sources. II. Generating functions}",
    eprint = "hep-ph/0605246",
    archivePrefix = "arXiv",
    doi = "10.1016/j.nuclphysa.2006.08.015",
    journal = "Nucl. Phys. A",
    volume = "779",
    pages = "177--196",
    year = "2006"
}


@article{Horava:2020val,
    author = "Horava, Petr and Mogni, Christopher J.",
    title = "{Keldysh Rotation in the Large-N Expansion and String Theory Out of Equilibrium}",
    eprint = "2010.10671",
    archivePrefix = "arXiv",
    primaryClass = "hep-th",
    month = "10",
    year = "2020"
}


@article{Gao:2018bxz,
    author = "Gao, Ping and Glorioso, Paolo and Liu, Hong",
    title = "{Ghostbusters: Unitarity and Causality of Non-equilibrium Effective Field Theories}",
    eprint = "1803.10778",
    archivePrefix = "arXiv",
    primaryClass = "hep-th",
    reportNumber = "MIT-CTP/4994; EFI-18-4, MIT-CTP-4994, EFI-18-4",
    doi = "10.1007/JHEP03(2020)040",
    journal = "JHEP",
    volume = "03",
    pages = "040",
    year = "2020"
}



@article{Honerkamp:1971sh,
    author = "Honerkamp, J.",
    title = "{Chiral multiloops}",
    doi = "10.1016/0550-3213(72)90299-4",
    journal = "Nucl. Phys. B",
    volume = "36",
    pages = "130--140",
    year = "1972"
}


@article{AlvarezGaume:1981hn,
      author         = "Alvarez-Gaume, Luis and Freedman, Daniel Z. and Mukhi,
                        Sunil",
      title          = "{The Background Field Method and the Ultraviolet
                        Structure of the Supersymmetric Nonlinear Sigma Model}",
      journal        = "Annals Phys.",
      volume         = "134",
      year           = "1981",
      pages          = "85",
      doi            = "10.1016/0003-4916(81)90006-3",
      reportNumber   = "Print-81-0045 (MIT)",
      SLACcitation   = "%%CITATION = APNYA,134,85;%%"
}



@article{Mukhi:1985vy,
    author = "Mukhi, Sunil",
    title = "{The Geometric Background Field Method, Renormalization and the Wess-Zumino Term in Nonlinear Sigma Models}",
    reportNumber = "TIFR/TH/85-13",
    doi = "10.1016/0550-3213(86)90502-X",
    journal = "Nucl. Phys. B",
    volume = "264",
    pages = "640--652",
    year = "1986"
}

@article{Glorioso:2020loc,
      author         = "Glorioso, Paolo and Delacrétaz, Luca V. and Chen, Xiao
                        and Nandkishore, Rahul M. and Lucas, Andrew",
      title          = "{Hydrodynamics in lattice models with continuous
                        non-Abelian symmetries}",
      year           = "2020",
      eprint         = "2007.13753",
      archivePrefix  = "arXiv",
      primaryClass   = "cond-mat.stat-mech",
      reportNumber   = "EFI 20-14",
      SLACcitation   = "%%CITATION = ARXIV:2007.13753;%%"
}


@article{ForsterBook,
author = {Schöpf, H.-G.},
title = {Forster, D., Hydrodynamic Fluctuations, Broken Symmetry, and Correlation Functions, Frontiers in Physics 47, XIX, 326 S., London-Amsterdam-Don Mills-Sydney-Tokyo 1975. W. A. Benjamin, Inc. US \$ 19.50},
journal = {ZAMM - Journal of Applied Mathematics and Mechanics / Zeitschrift für Angewandte Mathematik und Mechanik},
volume = {56},
number = {9},
pages = {447-447},
doi = {https://doi.org/10.1002/zamm.19760560918},
url = {https://onlinelibrary.wiley.com/doi/abs/10.1002/zamm.19760560918},
eprint = {https://onlinelibrary.wiley.com/doi/pdf/10.1002/zamm.19760560918},
year = {1976}
}



@article{Avinash:2017asn,
    author = "Baidya, Avinash and Jana, Chandan and Loganayagam, R. and Rudra, Arnab",
    title = "{Renormalization in open quantum field theory. Part I. Scalar field theory}",
    eprint = "1704.08335",
    archivePrefix = "arXiv",
    primaryClass = "hep-th",
    doi = "10.1007/JHEP11(2017)204",
    journal = "JHEP",
    volume = "11",
    pages = "204",
    year = "2017"
}

@article{Burgess:1998ku,
    author = "Burgess, C. P.",
    title = "{Goldstone and pseudoGoldstone bosons in nuclear, particle and condensed matter physics}",
    eprint = "hep-th/9808176",
    archivePrefix = "arXiv",
    reportNumber = "MCGILL-98-25",
    doi = "10.1016/S0370-1573(99)00111-8",
    journal = "Phys. Rept.",
    volume = "330",
    pages = "193--261",
    year = "2000"
}
